@inproceedings(ginsberg,key="Ginsberg90",
	Author="Ginsberg, M.L. and Harvey, W.D.",
        Title="Iterative Broadening",
	BookTitle="Proceedings of AAAI-91",
        year=1990)

@inproceedings(min-aaai, key="Minton90", author="Minton, S. and
		Johnston, M. and Philips, A.B. and Laird, P.",
	title="Solving Large Scale Constraint Satisfaction and Scheduling
      Problems Using a Heuristic Repair Method",
	BookTitle="Proceedings of AAAI-90",
	year=1990)


@article(papad, key="Johnson88", author="Johnson, D.S. and
	Papadimitrou, C.H. and Yannakakis, M.",
	title="How Easy is Local Search?",
	journal="Journal of Computer and System Sciences",
	volume="37", pages="79-100",
	year=1988)

@book(brassard, key="brassard88",author="Brassard, G. and Bratley, P.",
	title="Algorithmics - Theory and Practice",
        publisher="Englewood Cliffs, NJ: Prentice Hall", 
	year=1988) 

@article(stones, key="Stone87", author="Stone, H.S. and Stone, J.M.",
	title="Efficient Search Techniques - An Empirical Study of the
	N-Queens Problem",
	journal="IBM Journal of Research and Development",
	volume=31,
        pages="464-474", publisher="International Business Machines.",
	year=1987)

@inproceedings(adorf, key="Adorf90", author="Adorf, H.M. and
	Johnston, M.D.",
	title="A Discrete Stochastic Neural Network Algorithm for 
	Constraint Satisfaction Problems",
	booktitle="Proceedings of the International Joint Conference on Neural
	Networks",
        year=1990)	

@inproceedings(langley,key="Langley92",
	Author="Langley, P.",
        Title="Systematic and Nonsystematic Search Strategies",
	BookTitle="Proceedings of AAAI-92",
	year=1992)

@inproceedings(johnston, key="Johnston89", 
	author="Johnston, M.D. and Adorf, H.M.",
	title="Learning in Stochastic Neural Networks for
	Constraint Satisfaction Problems",
	booktitle="Proceedings of NASA Conference on Space Telerobotics",
	volume=37,
	year=1989)


@article(sam, key="Waldrop",
        Author="Waldrop, M.",
        Title="Will the {H}ubble Space Telescope Compute?",
        Journal="Science", year=1989,
	pages= "1437-1439",
        volume=243)
        
@inproceedings(simmons-aaai88,key="Simmons88",
	Author="Simmons, R.G.",
        Title="A Theory of Debugging Plans and Interpretations",
	BookTitle="Proceedings of AAAI-88",
	year=1988)

@book(hacker, key="sussman75",author="Sussman, G. J.",
	title="A Computer Model of Skill Acquisition",
	Publisher="New York: New American Elsevier",
	year=1975) 

@inproceedings(hopfield, key="Hopfield", author="Hopfield, J.J.",
	title="Neural Networks and Physical Systems with Emergent Collective
		Computational Abilities",
	booktitle="Proceedings of the National Academy of Sciences",
	publisher="Washington, DC: National Academy Press",
	year=1982, 
	volume=79)

@inproceedings(mj-early, key="Johnston", author="Johnston, M.D.",
	title="Automated Telescope Scheduling",
	booktitle="Proceedings of the Symposium on Coordination
		of Observational Projects",
	year=1987)

