%%% ====================================================================
%%%  BibTeX-file{
%%%     filename        = "iandc.bib",
%%%     version         = "1.31",
%%%     date            = "05 January 1994",
%%%     time            = "11:47:29 EST",
%%%     author          = "David M. Jones",
%%%     address         = "MIT Laboratory for Computer Science
%%%                        Room NE43-316
%%%                        545 Technology Square
%%%                        Cambridge, MA 02139
%%%                        USA",
%%%     telephone       = "(617) 253-5936",
%%%     FAX             = "(617) 253-3480",
%%%     checksum        = "58445 8416 18198 171191",
%%%     email           = "ic-request at theory.lcs.mit.edu",
%%%     codetable       = "ISO/ASCII",
%%%     keywords        = "theoretical computer science, bibliography,
%%%                        BibTeX",
%%%     supported       = "yes",
%%%     docstring       = "This is a BibTeX bibliography for the
%%%                        journal {\em Information and Computation},
%%%                        published by Academic Press.  It covers the
%%%                        years 1982 through the present (volumes 52
%%%                        through the present) and is updated
%%%                        monthly.  A list of forthcoming papers can
%%%                        be found at the end of this file, under the
%%%                        headings "FORTHCOMING" and "FUTURE
%%%                        ATTRACTIONS".
%%%
%%%                        The checksum field above contains a CRC-16
%%%                        checksum as the first value, followed by the
%%%                        equivalent of the standard UNIX wc (word
%%%                        count) utility output of lines, words, and
%%%                        characters.  This is produced by Robert
%%%                        Solovay's checksum utility.",
%%%  }
%%% ====================================================================

                     INFORMATION AND COMPUTATION
                    January 1982 -- December 1993
                           Volumes 52--107

                   Albert R. Meyer, Editor-in-Chief

This is BibTeX bibliography containing all papers published in {\em
Information and Computation} since January 1982.  There are
undoubtably numerous small errors left in it.  Please report any
errors you find to ic-request at theory.lcs.mit.edu.  For
documentation on using this file, see Section 4.3 and Appendix B of
"LaTeX: A Document Preparation System" by Leslie Lamport.

NOTE: This file will only work under BibTeX version 0.99a or later, as
it makes use of the string concatenation feature which was introduced
in that release.

This file is updated on a monthly basis.

For information on ordering back issues, write to

    Academic Press, Inc.
    Journal Division/Back Volumes
    1250 Sixth Avenue
    San Diego, CA 92101

    Attn: Jacquie Mahon

The name of the journal was originally "Information and Control."  It
was changed in January 1987 to "Information and Computation."  For
convenience, we use the following two strings for the journal titles.

@string{iandc={Information and Control}}

@string{iandcomp={Information and Computation}}


                       INFORMATION AND CONTROL

                             January 1982
                         Volume 52, Number 1

                            Special Issue
   NSF Workshop on Recursion Theoretic Aspects of Computer Science
   Martin Davis, Carl Smith and Paul Young -- Special Issue Editors

@Article{DavisSY82a,
title={Introduction},
author={Martin Davis and Carl Smith and Paul Young},
pages={1},
journal=iandc,
month=jan,
year=1982,
volume=52,
number=1
}

@Article{Hay82,
title={On the Recursion-Theoretic Complexity of Relative Succinctness
of Representations of Languages},
author={Louise Hay},
pages={2--7},
journal=iandc,
month=jan,
year=1982,
volume=52,
number=1
}

@Article{Soare82,
title={Computational Complexity of Recursively Enumerable Sets},
author={Robert I. Soare},
pages={8--18},
journal=iandc,
month=jan,
year=1982,
volume=52,
number=1
}

@Article{MenzelS82,
title={Universal Automata with Uniform Bounds on Simulation Time},
author={W. Menzel and V. Sperschneider},
pages={19--35},
journal=iandc,
month=jan,
year=1982,
volume=52,
number=1
}

@Article{Selman82,
title={Analogues of Semicursive Sets and Effective Reducibilities to
the Study of {\em NP} Complexity},
author={Alan L. Selman},
pages={36--51},
journal=iandc,
month=jan,
year=1982,
volume=52,
number=1
}

@Article{Daley82,
title={Busy Beaver Sets: Characterizations and Applications},
author={Robert P. Daley},
pages={52--67},
journal=iandc,
month=jan,
year=1982,
volume=52,
number=1
}

@Article{Chen82,
title={Tradeoffs in the Inductive Inference of Nearly Minimal Size
Programs},
author={Keh-Jiann Chen},
pages={68--86},
journal=iandc,
month=jan,
year=1982,
volume=52,
number=1
}

@Article{Meyer82,
title={What is a Model of the Lambda Calculus?},
author={Albert R. Meyer},
pages={87--122},
journal=iandc,
month=jan,
year=1982,
volume=52,
number=1
}

                            February 1982
                         Volume 52, Number 2

@Article{OshersonW82,
title={Criteria of Language Learning},
author={Daniel N. Osherson and Scott Weinstein},
pages={123--138},
journal=iandc,
month=feb,
year=1982,
volume=52,
number=2
}

@Article{ArbibM82,
title={Parametrized Data Types Do Not Need Highly Constrained
Parameters},
author={Michael A. Arbib and Ernest G. Manes},
pages={139--158},
journal=iandc,
month=feb,
year=1982,
volume=52,
number=2
}

@Article{BergstraCT82,
title={Another Incompleteness Result for {H}oare's Logic},
author={Jan Bergstra and Anna Chmielinska and Jerzy Tiuryn},
pages={159--171},
journal=iandc,
month=feb,
year=1982,
volume=52,
number=2
}

@Article{AlbertCK82,
title={Test Sets for Context Free Languages and Algebraic Systems of
Equations over a Free Monoid},
author={J. Albert and K. {Culik II} and J. Karhum{\"a}ki},
pages={172--186},
journal=iandc,
month=feb,
year=1982,
volume=52,
number=2
}

@Article{Tomita82,
title={A Direct Branching Algorithm for Checking Equivalence of Some
Classes of Deterministic Pushdown Automata},
author={Etsuji Tomita},
pages={187--238},
journal=iandc,
month=feb,
year=1982,
volume=52,
number=2
}

                              March 1982
                         Volume 52, Number 3

@Article{GathenBH82,
title={Fast Parallel Matrix and GCD Computations},
author={Allan Borodin and Joachim von zur Gathen and John Hopcroft},
journal=iandc,
month=mar,
year=1982,
volume=52,
number=3
}

@Article{StrongDFF82,
title={An Efficient {B}yzantine Agreement Without Authentication},
author={Danny Doley and Michael Fischer and Rob Fowler and Nancy Lynch
and H. Raymond Strong},
journal=iandc,
month=mar,
year=1982,
volume=52,
number=3
}

@Article{Paul82,
title={On-Line Simulation of $k+1$ Tapes by $k$ Tapes Requires
Nonlinear Time},
author={W. Paul},
pages={1--8},
journal=iandc,
month=apr # "/" # may,
year=1982,
volume=53,
number={1/2}
}

@Article{CourcelleF82,
title={On the Equivalence Problem for Attribute Systems},
author={Bruno Courcelle and Paul Franchi-Zannettacci},
pages={275--305},
journal=iandc,
month=mar,
year=1982,
volume=52,
number=3
}

@Article{Koymans82,
title={Models of the Lambda Calculus},
author={C. P. J. Koymans},
pages={306--332},
journal=iandc,
month=mar,
year=1982,
volume=52,
number=3
}

@Article{ButzerE82a,
title={Dyadic Calculus and Sampling Theorems for Functions with
Multidimensional Domain. {I}: General Theory},
author={P. L. Butzer and W. Engels},
pages={333--351},
journal=iandc,
month=mar,
year=1982,
volume=52,
number=3
}

@Article{ButzerE82b,
title={Dyadic Calculus and Sampling Theorems for Functions with
Multidimensional Domain.  {II}: Applications to Dyadic Sampling
Representations},
author={P. L. Butzer and W. Engels},
pages={352--363},
journal=iandc,
month=mar,
year=1982,
volume=52,
number=3
}

@Article{KleijnR82,
title={Corrigendum: Sequential, Continuous and Parallel Grammars},
author={H. C. M. Kleijn and G. Rozenberg},
pages={364},
journal=iandc,
month=mar,
year=1982,
volume=52,
number=3
}

Author Index for Volume 52 -- page 367

                            April/May 1982
                        Volume 53, Numbers 1/2

@Article{NathK82,
title={On Some Characterizations of the Shannon Entropy Using Extreme
Symmetry and Block Symmetry},
author={Prem Nath and Man Mohan Kaur},
pages={9--20},
journal=iandc,
month=apr # "/" # may,
year=1982,
volume=53,
number={1/2}
}

@Article{Ko82,
title={Some Negative Results on the Computational Complexity of Total
Variation and Differentiation},
author={Ker-I Ko},
pages={21--31},
journal=iandc,
month=apr # "/" # may,
year=1982,
volume=53,
number={1/2}
}

@Article{OshersonSW82,
title={Learning Strategies},
author={Daniel N. Osherson and Michael Stob and Scott Weinstein},
pages={32--51},
journal=iandc,
month=apr # "/" # may,
year=1982,
volume=53,
number={1/2}
}

@Article{Sippu82,
title={Derivational Complexity of Context-Free Grammars},
author={Seppo Sippu},
pages={52--65},
journal=iandc,
month=apr # "/" # may,
year=1982,
volume=53,
number={1/2}
}

@Article{Borden82,
title={Optimal Asymmetric Error Detecting Codes},
author={J. Martin Borden},
pages={66--73},
journal=iandc,
month=apr # "/" # may,
year=1982,
volume=53,
number={1/2}
}

@Article{Kantor82,
title={An Exponential Number of Generalized Kerdock Codes},
author={William M. Kantor},
pages={74--80},
journal=iandc,
month=apr # "/" # may,
year=1982,
volume=53,
number={1/2}
}

@Article{Minamide82,
title={An Extension of the Entropy Theorem for Parameter Estimation},
author={Nariyasu Minamide},
pages={81--90},
journal=iandc,
month=apr # "/" # may,
year=1982,
volume=53,
number={1/2}
}

@Article{Sifakis82,
title={Global and Local Invariants in Transition Systems},
author={Joseph Sifakis},
pages={91--107},
journal=iandc,
month=apr # "/" # may,
year=1982,
volume=53,
number={1/2}
}

@Article{ReedR82,
title={Recognition of Surfaces in Three-Dimensional Digital Images},
author={George M. Reed and Azriel Rosenfield},
pages={108--120},
journal=iandc,
month=apr # "/" # may,
year=1982,
volume=53,
number={1/2}
}

@Article{GolzeP82,
title={Petri Net Implementations by a Universal Cell Space},
author={Ulrich Golze and Lutz Priese},
pages={121--138},
journal=iandc,
month=apr # "/" # may,
year=1982,
volume=53,
number={1/2}
}

                              June 1982
                         Volume 53, Number 3

@Article{SippuS82,
title={On {LL}($k$) Parsing},
author={Seppo Sippu and Eljas Soisalon-Soininen},
pages={141--164},
journal=iandc,
month=jun,
year=1982,
volume=53,
number=3
}

@Article{LehmannS82,
title={Reasoning with Time and Chance},
author={Daniel Lehmann and Saharon Shelah},
pages={165--198},
journal=iandc,
month=jun,
year=1982,
volume=53,
number=3
}

@Article{Hashiguchi82,
title={Regular Languages of Star Height One},
author={K. Hashiguchi},
pages={199--210},
journal=iandc,
month=jun,
year=1982,
volume=53,
number=3
}

@Article{PapadimitriouT82,
title={On the Complexity of Designing Distributed Protocols},
author={Christos H. Papadimitriou and John Tsitsiklis},
pages={211--218},
journal=iandc,
month=jun,
year=1982,
volume=53,
number=3
}

Author Index for Volume 53 -- page 219

                           July/August 1982
                        Volume 54, Numbers 1/2

                            Special Issue
   NSF Workshop on Recursion Theoretic Aspects of Computer Science
   Martin Davis, Carl Smith and Paul Young -- Special Issue Editors

@Article{DavisSY82b,
title={Introduction},
author={Martin Davis and Carl Smith and Paul Young},
pages={1},
journal=iandc,
month=jul # "/" # aug,
year=1982,
volume=54,
number={1/2}
}

@Article{Davis82,
title={Why {G{\"o}del} Didn't Have {C}hurch's Thesis},
author={Martin Davis},
pages={3--24},
journal=iandc,
month=jul # "/" # aug,
year=1982,
volume=54,
number={1/2}
}

@Article{Blair82,
title={The Recursion-Theoretical Complexity of the Semantics of
Predicate Logic as a Programming Language},
author={Howard A. Blair},
pages={25--47},
journal=iandc,
month=jul # "/" # aug,
year=1982,
volume=54,
number={1/2}
}

@Article{MandersD82,
title={The Complexity of the Validity Problem for Dynamic Logic},
author={Kenneth L. Manders and Robert R. Daley},
pages={48--69},
journal=iandc,
month=jul # "/" # aug,
year=1982,
volume=54,
number={1/2}
}

@Article{BakkerZ82,
title={Processes and the Denotational Semantics of Concurrency},
author={J. W. de Bakker and J. I. Zucker},
pages={70--120},
journal=iandc,
month=jul # "/" # aug,
year=1982,
volume=54,
number={1/2}
}

@Article{Streett82,
title={Propositional Dynamic Logic of Looping and Converse Is
Elementarily Decidable},
author={Robert S. Streett},
pages={121--141},
journal=iandc,
month=jul # "/" # aug,
year=1982,
volume=54,
number={1/2}
}

                            September 1982
                         Volume 54, Number 3

@Article{Zachos82,
title={Robustness of Probabilistic Computational Complexity Classes
under Definitional Perturbations},
author={Stathis Zachos},
pages={143--154},
journal=iandc,
month=sep,
year=1982,
volume=54,
number=3
}

@Article{MaurerRW82,
title={Using String Languages to Describe Picture Languages},
author={H. A. Maurer and G. Rozenberg and E. Welzl},
pages={155--185},
journal=iandc,
month=sep,
year=1982,
volume=54,
number=3
}

@Article{BergstraT82,
title={The Completeness of the Algebraic Specification Methods for
Computable Data Types},
author={J. A. Bergstra and J. V. Tucker},
pages={186--200},
journal=iandc,
month=sep,
year=1982,
volume=54,
number=3
}

@Article{Rocca82,
title={Characterization Theorems for a Filter Lambda Model},
author={Ronchi Della Rocca, Simonetta},
pages={201--216},
journal=iandc,
month=sep,
year=1982,
volume=54,
number=3
}

@Article{GalilD82,
title={On Reversal-Bounded Counter Machines and on Pushdown Automata
with a Bound on the Size of their Pushdown Store},
author={Pavol Duris and Zvi Galil},
pages={217--227},
journal=iandc,
month=sep,
year=1982,
volume=54,
number=3
}

Author Index for Volume 54 -- page 228

                    October/November/December 1982
                        Volume 55, Numbers 1-3

@Article{RivestS82,
title={How to Reuse a ``Write-Once'' Memory},
author={Ronald L. Rivest and Adi Shamir},
pages={1--19},
journal=iandc,
month=oct # "/" # nov # "/" # dec,
year=1982,
volume=55,
number={1--3}
}

@Article{Vitanyi82,
title={On Efficient Simulations of Multicounter Machines},
author={Paul M. B. Vit{\'a}nyi},
pages={20--39},
journal=iandc,
month=oct # "/" # nov # "/" # dec,
year=1982,
volume=55,
number={1--3}
}

@Article{Kannan82,
title={Circuit-Size Lower Bounds and Non-Reducibility to Sparse Sets},
author={R. Kannan},
pages={40--56},
journal=iandc,
month=oct # "/" # nov # "/" # dec,
year=1982,
volume=55,
number={1--3}
}

@Article{DolevEK82,
title={On the Security of Ping-Pong Protocols},
author={D. Dolev and S. Even and R. M. Karp},
pages={57--68},
journal=iandc,
month=oct # "/" # nov # "/" # dec,
year=1982,
volume=55,
number={1--3}
}

@Article{GurevichL82,
title={The Inference Problem for Template Dependencies},
author={Yuri Gurevich and Harry R. Lewis},
pages={69--79},
journal=iandc,
month=oct # "/" # nov # "/" # dec,
year=1982,
volume=55,
number={1--3}
}

@Article{BlassG82,
title={On the Unique Satisfiability Problem},
author={Andreas Blass and Yuri Gurevich},
pages={80--88},
journal=iandc,
month=oct # "/" # nov # "/" # dec,
year=1982,
volume=55,
number={1--3}
}

@Article{BerklingF82,
title={A Consistent Extension of the Lambda-Calculus as a Base for
Functional Programming Languages},
author={Klaus J. Berkling and Elfriede Fehr},
pages={89--101},
journal=iandc,
month=oct # "/" # nov # "/" # dec,
year=1982,
volume=55,
number={1--3}
}

@Article{Simon82,
title={A Tight {$\Omega(\log\log n)$}-Bound on the Time for Parallel
{RAM}'s to Compute Nondegenerated {B}oolean Functions},
author={Hans-Ulrich Simon},
pages={102--106},
journal=iandc,
month=oct # "/" # nov # "/" # dec,
year=1982,
volume=55,
number={1--3}
}

@Article{ZaksFPM82,
title={Fair Deriviations in Context-Free Grammars},
author={Sara Porat and Nissim Francez and Shlomo Moran and Shmuel
Zaks},
pages={108--116},
journal=iandc,
month=oct # "/" # nov # "/" # dec,
year=1982,
volume=55,
number={1--3}
}

@Article{EvenLY82,
title={A Note on Deterministic and Nondeterministic Time Complexity},
author={Shimon Even and Timothy J. Long and Yacov Yacobi},
pages={117--124},
journal=iandc,
month=oct # "/" # nov # "/" # dec,
year=1982,
volume=55,
number={1--3}
}

@Article{WoodEZM82,
title={The Theory of Fringe Analysis and Its Application to 2-3 Trees
and B-Trees},
author={Bernhard Eisenbarth and Nivio Ziviani and Gaston H. Gonnet and
Kurt Mehlhorn and Derick Wood},
pages={125--174},
journal=iandc,
month=oct # "/" # nov # "/" # dec,
year=1982,
volume=55,
number={1--3}
}

@Article{HarelS82,
title={Looping vs. Repeating in Dynamic Logic},
author={D. Harel and R. Sherman},
pages={175--192},
journal=iandc,
month=oct # "/" # nov # "/" # dec,
year=1982,
volume=55,
number={1--3}
}

@Article{ItoITT82,
title={Two-Dimensional Alternating {T}uring Machines with Only Universal
States},
author={Akira Ito and Katsushi Inoue and Itsuo Takanami and Hiroshi
Taniguchi},
pages={193--221},
journal=iandc,
month=oct # "/" # nov # "/" # dec,
year=1982,
volume=55,
number={1--3}
}

@Article{Blake82,
title={The Enumeration of Certain Run-Length Sequences},
author={Ian F. Blake},
pages={222--236},
journal=iandc,
month=oct # "/" # nov # "/" # dec,
year=1982,
volume=55,
number={1--3}
}

@Article{NeuhoffS82,
title={Channel Distances and Representation},
author={D. L. Neuhoff and P. C. Shields},
pages={238--264},
journal=iandc,
month=oct # "/" # nov # "/" # dec,
year=1982,
volume=55,
number={1--3}
}

Author Index for Volume 55 -- pages 265-266

Cumulative Subject Index for Volumes 52-55 -- pages 267-275

                        January/February 1983
                        Volume 56, Numbers 1/2

@Article{Miller83a,
title={Isomorphism of $k$-Contractible Graphs.  A Generalization of
Bounded Valence and Bounded Genus},
author={Gary L. Miller},
pages={1--20},
journal=iandc,
month=jan # "/" # feb,
year=1983,
volume=56,
number={1/2}
}

@Article{Miller83b,
title={Isomorphism of Graphs Which are Pairwise $k$-separable},
author={Gary L. Miller},
pages={21--33},
journal=iandc,
month=jan # "/" # feb,
year=1983,
volume=56,
number={1/2}
}

@Article{BraunmuhlCV83,
title={The Recognition of Deterministic {CFL}'s in Small Time and
Space},
author={Burchard von Braunm{\"u}hl and Stephen Cook and Kurt Mehlhorn
and Rutger Verbeek},
pages={34--51},
journal=iandc,
month=jan # "/" # feb,
year=1983,
volume=56,
number={1/2}
}

@Article{DavisW83,
title={A Formal Notion of Program-Based Test Data Adequacy},
author={Martin D. Davis and Elaine J. Weyuker},
journal=iandc,
month=jan # "/" # feb,
year=1983,
volume=56,
number={1/2}
}

@Article{Wolper83,
title={Temporal Logic Can Be More Expensive},
author={Pierre Wolper},
pages={72--99},
journal=iandc,
month=jan # "/" # feb,
year=1983,
volume=56,
number={1/2}
}

@Article{MeyerM83,
title={Termination Assertions for Recursive Programs:  Completeness
and Axiomatic Definability},
author={Albert R. Meyer and John C. Mitchell},
pages={112--138},
journal=iandc,
month=jan # "/" # feb,
year=1983,
volume=56,
number={1/2}
}

@Article{Case83,
title={Pseudo-Extending Computable Functions},
author={John Case},
journal=iandc,
month=jan # "/" # feb,
year=1983,
volume=56,
number={1/2}
}

                              March 1983
                         Volume 56, Number 3

@Article{CulikS83,
title={Ambiguity and Decision Problems Concerning Number Systems},
author={Karel {Culik II} and Arto Salomaa},
pages={139--153},
journal=iandc,
month=mar,
year=1983,
volume=56,
number=3
}

@Article{Mitchell83,
title={The Implication Problem for Functional and Inclusion
Dependencies},
author={John C. Mitchell},
pages={154--173},
journal=iandc,
month=mar,
year=1983,
volume=56,
number=3
}

@Article{VishkinW83,
title={Dynamic Parallel Memories},
author={Uzi Vishkin and Avi Wigderson},
pages={174--182},
journal=iandc,
month=mar,
year=1983,
volume=56,
number=3
}

@Article{GalperinW83,
title={Succinct Representations of Graphs},
author={Hana Galperin and Avi Wigderson},
pages={183--198},
journal=iandc,
month=mar,
year=1983,
volume=56,
number=3
}

@Article{WitsenhausenW83a,
title={On Storage Meda with Aftereffects},
author={H. S. Witsenhausen and A. D. Wyner},
pages={199--211},
journal=iandc,
month=mar,
year=1983,
volume=56,
number=3
}

@Article{Urzyczyn83a,
title={A Necessary and Sufficient Condition in Order That a Herbrand
Interpretation Be Expressive Relative to Recursive Programs},
author={Pawel Urzyczyn},
pages={212--219},
journal=iandc,
month=mar,
year=1983,
volume=56,
number=3
}

Author Index for Volume 56 -- page 220

                              April 1983
                         Volume 57, Number 1

@Article{Kamimura83,
title={Tree Automata and Attribute Grammars},
author={Tsutomu Maimiura},
pages={1--20},
journal=iandc,
month=apr,
year=1983,
volume=57,
number=1
}

@Article{Huynh83,
title={Commutative Grammars: The Complexity of Uniform Word Problems},
author={Dung T. Huynh},
pages={21--39},
journal=iandc,
month=apr,
year=1983,
volume=57,
number=1
}

@Article{Kurtz83,
title={On the Random Oracle Hypothesis},
author={Stuart A. Kurtz},
pages={40--47},
journal=iandc,
month=apr,
year=1983,
volume=57,
number=1
}

@Article{StolboushkinT83,
title={Deterministic Dynamic Logic is Strictly Weaker than Dynamic
Logic},
author={A. P. Stolboushkin and M. A. Taitslin},
pages={48--55},
journal=iandc,
month=apr,
year=1983,
volume=57,
number=1
}

@Article{Halpern83,
title={Deterministic Process Logic is Elementary},
author={Joseph Y. Halpern},
pages={56--89},
journal=iandc,
month=apr,
year=1983,
volume=57,
number=1
}

                            May/June 1983
                        Volume 57, Numbers 2/3

@Article{Stockmeyer83,
title={Optimal Orientations of Cells in Slicing Floorplan Designs},
author={Larry Stockmeyer},
pages={91--101},
journal=iandc,
month=may # "/" # jun,
year=1983,
volume=57,
number={2/3}
}

@Article{GolsonR83,
title={Connections Between Two Theories of Concurrency: Metric Spaces
and Synchronization Trees},
author={William G. Golson and William C. Rounds},
pages={102--124},
journal=iandc,
month=may # "/" # jun,
year=1983,
volume=57,
number={2/3}
}

@Article{GoltzR83,
title={The Non-sequential Behavior of {P}etri Nets},
author={U. Goltz and W. Resig},
pages={125--147},
journal=iandc,
month=may # "/" # jun,
year=1983,
volume=57,
number={2/3}
}

@Article{Wand83,
title={Loops in Combinator-Based Compilers},
author={Mitchell Wand},
pages={148--164},
journal=iandc,
month=may # "/" # jun,
year=1983,
volume=57,
number={2/3}
}

@Article{Csirmaz83,
author={L. Csirmaz},
title={On the Strength of ``Sometimes'' and ``Always'' in Program
Verification},
pages={165--179},
journal=iandc,
month=may # "/" # jun,
year=1983,
volume=57,
number={2/3}
}

@Article{Grandjean83,
title={Complexity of the First-Order Theory of Almost All Finite
Structures},
author={Etienne Grandjean},
pages={180--204},
journal=iandc,
month=may # "/" # jun,
year=1983,
volume=57,
number={2/3}
}

@Article{RestivoR83,
title={Some Applications of a Theorem of {S}hirshov to Language Theory},
author={Antonio Restivo and Christophe Reutenauer},
pages={205--213},
journal=iandc,
month=may # "/" # jun,
year=1983,
volume=57,
number={2/3}
}

                      July/August/September 1983
                        Volume 58, Numbers 1-3

@Article{LorencL83,
title={Discrete Random Process Stabilization},
author={Aivar A. Lorenc and J{\=a}nis K. Lapi{\c{n}}{\v{s}}},
pages={1--18},
journal=iandc,
month=jul # "/" # aug # "/" # sep,
year=1983,
volume=58,
number={1--3}
}

@Article{SteyaertF83,
title={Patterns and Pattern-Matching in Trees: An Analysis},
author={Jean-Marc Steyaert and Philippe Flajolet},
pages={19--58},
journal=iandc,
month=jul # "/" # aug # "/" # sep,
year=1983,
volume=58,
number={1--3}
}

@Article{Urzyczyn83b,
title={Nontrivial Definability by Flow-Chart Programs},
author={Pawe{\l} Urzyczyn},
pages={59--87},
journal=iandc,
month=jul # "/" # aug # "/" # sep,
year=1983,
volume=58,
number={1--3}
}

@Article{GasarchH83,
title={Relativizations Comparing {{\em NP}} and Exponential Time},
author={W. Ian Gasarch and Steven Homer},
pages={88--100},
journal=iandc,
month=jul # "/" # aug # "/" # sep,
year=1983,
volume=58,
number={1--3}
}

@Article{Cosmodakis83,
title={The Complexity of Evaluating Relational Queries},
author={Stavros Cosmodakis},
pages={101--112},
journal=iandc,
month=jul # "/" # aug # "/" # sep,
year=1983,
volume=58,
number={1--3}
}

@Article{BorodinCP83,
title={Parallel Computation for Well-Endowed Rings and Space-Bounded
Probabilistic Machines},
author={A. Borodin and S. Cook and N. Pippenger},
pages={113--136},
journal=iandc,
month=jul # "/" # aug # "/" # sep,
year=1983,
volume=58,
number={1--3}
}

@Article{MehlhornP83,
title={Area-Time Optimal {VLSI} Integer Multiplier with Minimum
Computation Time},
author={Kurt Mehlhorn and Franco P. Preparata},
pages={137--156},
journal=iandc,
month=jul # "/" # aug # "/" # sep,
year=1983,
volume=58,
number={1--3}
}

@Article{Ko83,
title={On the Computational Complexity of Ordinary Differential
Equations},
author={Ker-I Ko},
pages={157--194},
journal=iandc,
month=jul # "/" # aug # "/" # sep,
year=1983,
volume=58,
number={1--3}
}

@Article{WitsenhausenW83b,
title={Erratum: On Storage Media with Aftereffects},
author={H. S. Witsenhausen and A. D. Wyner},
pages={195},
journal=iandc,
month=jul # "/" # aug # "/" # sep,
year=1983,
volume=58,
number={1--3}
}

Author Index for Volume 58 -- page 196

                    October/November/December 1983
                        Volume 59, Numbers 1-3

@Article{YamasakiD83,
title={The Satisfiability Problem for a Class Consisting of {H}orn
Sentences and Some Non-{H}orn Sentences in Proportional Logic},
author={Susumu Yamasaki and Shuji Doshita},
pages={1--12},
journal=iandc,
month=oct # "/" # nov # "/" # dec,
year=1983,
volume=59,
number={1--3}
}

@Article{EhrenfeuchtR83,
title={Repetition of Subwords in {DOL} Languages},
author={A. Ehrenfeucht and G. Rozenberg},
pages={13--35},
journal=iandc,
month=oct # "/" # nov # "/" # dec,
year=1983,
volume=59,
number={1--3}
}

@Article{Hennessy83,
title={Synchronous and Asynchronous Experiments on Processes},
author={M. Hennessy},
pages={36--83},
journal=iandc,
month=oct # "/" # nov # "/" # dec,
year=1983,
volume=59,
number={1--3}
}

@Article{BaranyF83,
title={Mental Poker with Three or More Players},
author={Imre B{\'a}r{\'a}ny and Zolt{\'a}n F{\"u}redi},
pages={84--93},
journal=iandc,
month=oct # "/" # nov # "/" # dec,
year=1983,
volume=59,
number={1--3}
}

@Article{Stolboushkin83,
title={Regular Dynamic Logic Is Not Interpretable in Deterministic
Context-Free Dynamic Logic},
author={A. P. Stolboushkin},
pages={94--107},
journal=iandc,
month=oct # "/" # nov # "/" # dec,
year=1983,
volume=59,
number={1--3}
}

@Article{Schmeck83,
title={Algebraic Semantics of Recursive Flowchart Schemes},
author={Hartmut Schmeck},
pages={108--126},
journal=iandc,
month=oct # "/" # nov # "/" # dec,
year=1983,
volume=59,
number={1--3}
}

@Article{BarendregtR83,
title={Semantics for Classical {AUTOMATH} and Related Systems},
author={Henk Barendregt and Adrian Rezus},
pages={127--147},
journal=iandc,
month=oct # "/" # nov # "/" # dec,
year=1983,
volume=59,
number={1--3}
}

@Article{Staiger83,
title={Subspaces of {${\rm GF}(q)^{w}$} and Convolutional Codes},
author={Ludwig Staiger},
pages={148--183},
journal=iandc,
month=oct # "/" # nov # "/" # dec,
year=1983,
volume=59,
number={1--3}
}

@Article{Weiss83,
title={An $n^{3/2}$ Lower Bound on the Monotone Network Complexity of
the {B}oolean Convolution},
author={J{\"u}rgen Weiss},
pages={184--188},
journal=iandc,
month=oct # "/" # nov # "/" # dec,
year=1983,
volume=59,
number={1--3}
}

Author Index for Volume 59 -- page 189

Cumulative Subject Index for Volume 59 -- pages 190-195

                     January/February/March 1984
                        Volume 60, Numbers 1-3

@Article{ReischukDPG84,
title={Two Nonlinear Lower Bounds for On-Line Computations},
author={Pavol D{\=u}r{\=\i}s and Zvi Galil and Wolfgang Paul and
Ruediger Reischuk},
pages={1--11},
journal=iandc,
month=jan # "/" # feb # "/" # mar,
year=1984,
volume=60,
number={1--3}
}

@Article{Tiuryn84,
title={Unbounded Program Memory Adds to the Expressive Power of
First-Order Programming Logic},
author={Jerzy Tiuryn},
pages={12--35},
journal=iandc,
month=jan # "/" # feb # "/" # mar,
year=1984,
volume=60,
number={1--3}
}

@Article{FalaschiLP84,
title={A Synchronization Logic: Axiomatics and Formal Semantics of
Generalized {H}orn Clauses},
author={M. Falaschi and G. Levi and C. Palamidessi},
pages={36--69},
journal=iandc,
month=jan # "/" # feb # "/" # mar,
year=1984,
volume=60,
number={1--3}
}

@Article{Loui84,
title={The Complexity of Sorting on Distributed Systems},
author={Michael C. Loui},
pages={70--85},
journal=iandc,
month=jan # "/" # feb # "/" # mar,
year=1984,
volume=60,
number={1--3}
}

@Article{HarelP84,
title={On Static Logics, Dynamic Logics, and Complexity Classes},
author={D. Harel and D. Peleg},
pages={86--102},
journal=iandc,
month=jan # "/" # feb # "/" # mar,
year=1984,
volume=60,
number={1--3}
}

@Article{WidmayerS84,
title={On the Complexity of Concurrency Control by Locking in
Distributed Database Systems},
author={Eljas Soisalon-Soininen and Peter Widmayer},
pages={103--108},
journal=iandc,
month=jan # "/" # feb # "/" # mar,
year=1984,
volume=60,
number={1--3}
}

@Article{BergstraK84,
title={Process Algebra for Synchronous Communication},
author={J. A. Bergstra and J. W. Klop},
pages={109--137},
journal=iandc,
month=jan # "/" # feb # "/" # mar,
year=1984,
volume=60,
number={1--3}
}

@Article{BackM84,
title={A Semantic Approach to Program Modularity},
author={R. J. R. Back and H. Mannila},
pages={138--167},
journal=iandc,
month=jan # "/" # feb # "/" # mar,
year=1984,
volume=60,
number={1--3}
}

@Article{Kazakos84,
title={A Game Theoretic Approach to Robust Filtering},
author={P. Papantoni-Kazakos},
pages={168--191},
journal=iandc,
month=jan # "/" # feb # "/" # mar,
year=1984,
volume=60,
number={1--3}
}

Author Index for volume 60 -- page 192

                              April 1984
                         Volume 61, Number 1

@Article{CoffmanG84,
title={Dynamic, First-Fit Packings in Two or More Dimensions},
author={Coffman, Jr., E. G. and E. N. Gilbert},
pages={1--14},
journal=iandc,
month=apr,
year=1984,
volume=61,
number=1
}

@Article{Levin84,
title={Randomnes Conservation Inequalities; Information and
Independence in Mathematical Theories},
author={Leonid A. Levin},
pages={15--37},
journal=iandc,
month=apr,
year=1984,
volume=61,
number=1
}

@Article{MohanFS84,
title={Compatibility and Commutativity of Lock Modes},
author={C. Mohan and D. Fussell and A. Silberschatz},
pages={38--64},
journal=iandc,
month=apr,
year=1984,
volume=61,
number=1
}

@Article{GurevichL84,
title={A Logic for Constant-Depth Circuits},
author={Yuri Gurevich and Harry R. Lewis},
pages={65--74},
journal=iandc,
month=apr,
year=1984,
volume=61,
number=1
}

                               May 1984
                         Volume 61, Number 2

@Article{BeeriV84,
title={On Acyclic Database Decompositions},
author={Catriel Beeri and Moshe Y. Vardi},
pages={75--84},
journal=iandc,
month=may,
year=1984,
volume=61,
number=2
}

@Article{ThiagarajanV84,
title={A Fresh Look at Free Choice Nets},
author={P. S. Thiagarajan and K. Vos},
pages={85--113},
journal=iandc,
month=may,
year=1984,
volume=61,
number=2
}

@Article{Doberkat84,
author={Ernst E. Doberkat},
title={An Average Case Analysis of {F}loyd's Algorithm to Construct
Heaps},
pages={114--131},
journal=iandc,
month=may,
year=1984,
volume=61,
number=2
}

@Article{FengT84,
title={On Quasi-Perfect Property of Double-Error-Correcting Goppa
Codes and Their Complete Decoding},
author={G. L. Feng and K. K. Tzeng},
pages={132--146},
journal=iandc,
month=may,
year=1984,
volume=61,
number=2
}

@Article{Schmitt84,
title={Diamond Formulas: A Fragment of Dynamic Logic with Recursively
Enumerable Validity Problem},
author={Peter H. Schmitt},
pages={147--158},
journal=iandc,
month=may,
year=1984,
volume=61,
number=2
}

@Article{EvenSY84,
title={The Complexity of Promise Problems with Applications to
Public-Key Cryptography},
author={Shimon Even and Alan L. Selman and Yacov Yacobi},
pages={159--173},
journal=iandc,
month=may,
year=1984,
volume=61,
number=2
}

@Article{YamasakiD84,
title={Erratum: The Satisfiability Problem for a Class Consisting of
{H}orn Sentences and Non-{H}orn Sentences in Proportional Logic},
author={Susumu Yamasaki and Shuji Doshita},
pages={174},
journal=iandc,
month=may,
year=1984,
volume=61,
number=2
}

                              June 1984
                         Volume 61, Number 3

@Article{EmersonS84,
title={Deciding Full Branching Time Logic},
author={E. Allen Emerson and A. Prasad Sistla},
pages={175--201},
journal=iandc,
month=jun,
year=1984,
volume=61,
number=3
}

@Article{Broy84,
title={Semantics of Communicating Processes},
author={Manfred Broy},
pages={202--246},
journal=iandc,
month=jun,
year=1984,
volume=61,
number=3
}

@Article{Niwinski84,
title={Fixed-Point Characterization of Context-Free $\infty$-Languages},
author={Damian Niwi{\'n}ski},
pages={247--276},
journal=iandc,
month=jun,
year=1984,
volume=61,
number=3
}

Author Index for Volume 61 -- page 277

                              July 1984
                         Volume 62, Number 1

@Article{WijshoffL84,
title={Arbitrary versus Periodic Storage Schemes and Tessellations of
the Plane Using One Type of Plyomino},
author={H. A. G. Wijshoff and J. van Leeuwen},
pages={1--25},
journal=iandc,
month=jul,
year=1984,
volume=62,
number=1
}

@Article{ItzhaikY84,
title={An Intermediate Machine Technique for Deciding Equivalence
between a {DPDA} and a Linear {DPDA}},
author={Yair Itzhaik and Amiram Yehudai},
pages={26--35},
journal=iandc,
month=jul,
year=1984,
volume=62,
number=1
}

@Article{GianniniL84,
title={Effectively Given Domains and Lambda-Calculus Models},
author={Paola Giannini and Giuseppe Longo},
pages={36--63},
journal=iandc,
month=jul,
year=1984,
volume=62,
number=1
}

@Article{Krichevsky84,
title={Optimal Hashing},
author={R. E. Krichevsky},
pages={64--92},
journal=iandc,
month=jul,
year=1984,
volume=62,
number=1
}

                        August/September 1984
                        Volume 62, Numbers 2/3

@Article{LadnerSL84,
title={Alternation Bounded Auxiliary Pushdown Automata},
author={Richard E. Ladner and Larry J. Stockmeyer and Richard J.
Lipton},
pages={93--108},
journal=iandc,
month=aug # "/" # sep,
year=1984,
volume=62,
number={2/3}
}

@Article{Hong84,
title={On Similarity and Duality of Computation ({I})},
author={Jia-Wei Hong},
pages={109--128},
journal=iandc,
month=aug # "/" # sep,
year=1984,
volume=62,
number={2/3}
}

@Article{Wegener84,
title={Optimal Decision Trees and One-Time-Only Branching Programs for
Symmetric {B}oolean Functions},
author={Ingo Wegener},
pages={129--143},
journal=iandc,
month=aug # "/" # sep,
year=1984,
volume=62,
number={2/3}
}

@Article{MainB84,
title={Functional Behvior of Nondeterministic and Concurrent Programs},
author={Michael G. Main and David B. Benson},
pages={144--189},
journal=iandc,
month=aug # "/" # sep,
year=1984,
volume=62,
number={2/3}
}

@Article{LundeliusL84,
title={An Upper and Lower Bound for Clock Synchronization},
author={Jennifer Lundelius and Nancy Lynch},
pages={190--204},
journal=iandc,
month=aug # "/" # sep,
year=1984,
volume=62,
number={2/3}
}

@Article{Friedman84,
title={On the Spectra of Universal Relational Sentences},
author={Harvey Friedman},
pages={205--209},
journal=iandc,
month=aug # "/" # sep,
year=1984,
volume=62,
number={2/3}
}

@Article{MunroP84,
title={Fault Tolerance and Storage Reduction in Binary Search Trees},
author={J. Ian Munro and Patricio V. Poblete},
pages={210--218},
journal=iandc,
month=aug # "/" # sep,
year=1984,
volume=62,
number={2/3}
}

Author Index for Volume 62 -- page 219

                        October/November 1984
                        Volume 63, Numbers 1/2

@Article{Arazi84,
title={An Approach for Generating Different Types of Gray Codes},
author={Benjamin Arazi},
pages={1--10},
journal=iandc,
month=oct # "/" # nov,
year=1984,
volume=63,
number={1/2}
}

@Article{Feldman84,
title={A Decidable Propositional Dynamic Logic with Explicit
Probabilities},
author={Yishai A. Feldman},
pages={11--38},
journal=iandc,
month=oct # "/" # nov,
year=1984,
volume=63,
number={1/2}
}

@Article{ColeY84,
title={Geometric Retrieval Problems},
author={Richard Cole and Chee K. Yap},
pages={39--57},
journal=iandc,
month=oct # "/" # nov,
year=1984,
volume=63,
number={1/2}
}

@Article{NarendranOW84,
title={The Uniform Conjugacy Problem for Finite {C}hurch-{R}osser
{T}hue Systems is {NP}-Complete},
author={Paliath Narendran and Friedreich Otto and Karl Winklmann},
pages={58--66},
journal=iandc,
month=oct # "/" # nov,
year=1984,
volume=63,
number={1/2}
}

@Article{Robson84,
title={Fast Probabilistic {RAM} Simulation of Single Tape {T}uring
Machine Computations},
author={J. M. Robson},
pages={67--87},
journal=iandc,
month=oct # "/" # nov,
year=1984,
volume=63,
number={1/2}
}

@Article{SistlaCFNM84,
title={Can Message Buffers Be Axiomatized in Linear Temporal Logic?},
author={A. P. Sistla and E. M. Clarke and N. Francez and A. R. Meyer},
pages={88--112},
journal=iandc,
month=oct # "/" # nov,
year=1984,
volume=63,
number={1/2}
}

@Article{KleijnPRS84,
title={Diretion Independent Context-Sensitive Grammars},
author={H. C. M. Kleijn and M. Penttonen and G. Rozenberg and K.
Salomaa},
pages={113--117},
journal=iandc,
month=oct # "/" # nov,
year=1984,
volume=63,
number={1/2}
}

@Article{HarelK84,
title={A Programming Language for the Inductive Sets, and Applications},
author={David Harel and Dexter Kozen},
pages={118--139},
journal=iandc,
month=oct # "/" # nov,
year=1984,
volume=63,
number={1/2}
}

                            December 1984
                         Volume 63, Number 3

@Article{Guting84,
title={Dynamic {$C$}-Oriented Polygonal Intersections Searching},
author={Ralf Hartmut G{\"u}ting},
pages={143--163},
journal=iandc,
month=dec,
year=1984,
volume=63,
number=3
}

@Article{FranzblauK84,
title={An Algorithm for Covering Polygons with Rectangles},
author={D. S. Franzblau and D. J. Kleitman},
pages={164--189},
journal=iandc,
month=dec,
year=1984,
volume=63,
number=3
}

@Article{EhrenfeuchtR84,
title={An Easy Proof of {G}reibach Normal Form},
author={Andrzej Ehrenfeucht and Grzegorz Rozenberg},
pages={190--199},
journal=iandc,
month=dec,
year=1984,
volume=63,
number=3
}

@Article{GoudaMY84,
title={On the Progress of Communications between Two Finite State
Machines},
author={M. G. Gouda and E. G. Manning and Y. T. Yu},
pages={200--216},
journal=iandc,
month=dec,
year=1984,
volume=63,
number=3
}

@Article{AjtaiFK84,
title={Hash Functions for Priority Queues},
author={M. Ajtai and M. Fredman and J. Koml{\`o}s},
pages={217--225},
journal=iandc,
month=dec,
year=1984,
volume=63,
number=3
}

Author Index for Volume 63 -- page 226

Cumulative Subject Index for Volumes 60-63 -- pages 227-231

                     January/February/March 1985
                        Volume 64, Numbers 1-3

                            Special Issue
   International Conference on "Foundations of Computation Theory"
        M. Karpinski and J. van Leeuwen, Special Issue Editors

@Article{KarpinskiL85,
title={Preface},
author={M. Karpinski and J. van Leeuwen},
pages={1},
journal=iandc,
month=jan # "/" # feb # "/" # mar,
year=1985,
volume=64,
number={1--3}
}

@Article{Cook85,
title={A Taxonomy of Problems with Fast Parallel Algorithms},
author={Stephen A. Cook},
pages={2--21},
journal=iandc,
month=jan # "/" # feb # "/" # mar,
year=1985,
volume=64,
number={1--3}
}

@Article{Reischuk85,
title={A New Solution for the {B}yzantine Generals Problem},
author={R{\"u}diger Reischuk},
pages={23--42},
journal=iandc,
month=jan # "/" # feb # "/" # mar,
year=1985,
volume=64,
number={1--3}
}

@Article{FurstLS85,
title={Pseudorandom Number Generation and Space Complexity},
author={Merrick Furst and Richard Lipton and Larry Stockmeyer},
pages={43--51},
journal=iandc,
month=jan # "/" # feb # "/" # mar,
year=1985,
volume=64,
number={1--3}
}

@Article{HertelM85,
title={Fast Triangulation of the Plane with Respect to Simple
Polygons},
author={Stefan Hertel and Kurt Mehlhorn},
pages={52--76},
journal=iandc,
month=jan # "/" # feb # "/" # mar,
year=1985,
volume=64,
number={1--3}
}

@Article{Chazelle85,
title={How to Search in History},
author={Bernard Chazelle},
pages={77--99},
journal=iandc,
month=jan # "/" # feb # "/" # mar,
year=1985,
volume=64,
number={1--3}
}

@Article{Ukkonen85,
title={Algorithms for Approximate String Matching},
author={Esko Ukkonen},
pages={100-118},
journal=iandc,
month=jan # "/" # feb # "/" # mar,
year=1985,
volume=64,
number={1--3}
}

@Article{HarelS85,
title={Propositional Dynamic Logic of Flowcharts},
author={D. Harel and R. Sherman},
pages={119--135},
journal=iandc,
month=jan # "/" # feb # "/" # mar,
year=1985,
volume=64,
number={1--3}
}

@Article{Nicola85,
title={Two Complete Axiom Systems for a Theory of Communicating
Sequential Processes},
author={Rocco De Nicola},
pages={136--172},
journal=iandc,
month=jan # "/" # feb # "/" # mar,
year=1985,
volume=64,
number={1--3}
}

Author Index for Volume 64 -- page 173

                              April 1985
                         Volume 65, Number 1

@Article{GrantM85,
title={Normalization and Axiomatization for Numerical Dependencies},
author={John Grant and Jack Minker},
pages={1--17},
journal=iandc,
month=apr,
year=1985,
volume=65,
number=1
}

@Article{IbarraR85a,
title={The Equivalence Problem and Correctness Formulas for a Simple
Class of Programs},
author={Oscar H. Ibarra and Louis E. Rosier},
pages={18--41},
journal=iandc,
month=apr,
year=1985,
volume=65,
number=1
}

@Article{IbarraR85b,
title={On Simple Programs with Primitive Conditional Statements},
author={Oscar H. Ibarra and Louis E. Rosier},
pages={42--62},
journal=iandc,
month=apr,
year=1985,
volume=65,
number=1
}

@Article{Ambos-spies85,
title={Sublattices of the Polynomial Time Degrees},
author={Klaus Ambos-Spies},
pages={63--84},
journal=iandc,
month=apr,
year=1985,
volume=65,
number=1
}

                            May/June 1985
                        Volume 65, Numbers 2/3

@Article{Dershowitz85,
title={Computing with Rewrite Systems},
author={Nachum Dershowitz},
journal=iandc,
month=may # "/" # jun,
year=1985,
volume=65,
number={2/3}
}

@Article{Statman85,
title={Logical Relations and the Typed $\lambda$-Calculus},
author={R. Statman},
pages={85--97},
journal=iandc,
month=may # "/" # jun,
year=1985,
volume=65,
number={2/3}
}

@Article{Kfoury85,
title={Definability by Deterministic and Non-deterministic Programs
(with Applications to First-Order Dynamic Logic)},
author={A. J. Kfoury},
pages={98--121},
journal=iandc,
month=may # "/" # jun,
year=1985,
volume=65,
number={2/3}
}

@Article{HartmanisIS85,
title={Sparse Sets in {NP-P: EXPTIME} versus {NEXPTIME}},
author={J. Hartmanis and N. Immerman and V. Sewelson},
pages={158--181},
journal=iandc,
month=may # "/" # jun,
year=1985,
volume=65,
number={2/3}
}

@Article{Plaisted85,
title={Semantic Confluence Tests and Completion Methods},
author={David A. Plaisted},
pages={182--215},
journal=iandc,
month=may # "/" # jun,
year=1985,
volume=65,
number={2/3}
}

Author Index for Volume 65 -- page 216

                           July/August 1985
                        Volume 66, Numbers 1/2

@Article{Kannan85,
title={Unraveling $k$-page graphs},
author={Ravi Kannan},
pages={1--5},
journal=iandc,
month=jul # "/" # aug,
year=1985,
volume=66,
number={1/2}
}
@Article{Rounds85,
title={On the Relationship between {S}cott Domains, Synchronization
Trees, and Metric Spaces},
author={William C. Rounds},
pages={6--28},
journal=iandc,
month=jul # "/" # aug,
year=1985,
volume=66,
number={1/2}
}

@Article{Grabowski85,
title={On Relative Completeness of {H}oare Logics},
author={Michal Grabowski},
pages={29--44},
journal=iandc,
month=jul # "/" # aug,
year=1985,
volume=66,
number={1/2}
}

@Article{Blum85,
title={An Area-Maximum Edge Length Trade-off for {VLSI} Layout},
author={Norbert Blum},
pages={45--52},
journal=iandc,
month=jul # "/" # aug,
year=1985,
volume=66,
number={1/2}
}

@Article{AfratiPP85,
title={The Complexity of Cubical Graphs},
author={Foto Afrati and Christos H. Papadimitriou and George
Papageorgiou},
pages={53--60},
journal=iandc,
month=jul # "/" # aug,
year=1985,
volume=66,
number={1/2}
}

@Article{Frederickson85,
title={Implicit Data Structures for Weighted Elements},
author={Greg N. Frederickson},
pages={61--82},
journal=iandc,
month=jul # "/" # aug,
year=1985,
volume=66,
number={1/2}
}

@Article{GrumbergFR85,
title={A Proof Rule for Fair Termination of Guarded Commands},
author={Orna Grumberg and Nissim Francez and Johann A. Makowsky and
William P. de Roever},
pages={83--102},
journal=iandc,
month=jul # "/" # aug,
year=1985,
volume=66,
number={1/2}
}

@Article{Huynh85,
title={The Complexity of Equivalence Problems for Commutative
Grammars},
author={Dung T. Huynh},
pages={103--121},
journal=iandc,
month=jul # "/" # aug,
year=1985,
volume=66,
number={1/2}
}

                            September 1985
                         Volume 66, Number 3

@Article{Kaltofen85,
title={Effective {H}ilbert Irreducibility},
author={Erich Kaltofen},
pages={123--137},
journal=iandc,
month=sep,
year=1985,
volume=66,
number=3
}

@Article{Adachi85,
title={Powerposets},
author={Takanori Adachi},
pages={138--162},
journal=iandc,
month=sep,
year=1985,
volume=66,
number=3
}

@Article{Stern85,
title={Complexity of Some Problems from the Theory of Automata},
author={Jacques Stern},
pages={163--176},
journal=iandc,
month=sep,
year=1985,
volume=66,
number=3
}

@Article{Amir85,
title={Separation in Nonlinear Time Models},
author={Amihood Amir},
pages={177--203},
journal=iandc,
month=sep,
year=1985,
volume=66,
number=3
}

Author Index for Volume 66 -- page 206

                    October/November/December 1985
                        Volume 67, Numbers 1-3

       Symposium: Mathematical Foundations of Computer Science

@Article{Tiuryn85,
title={Preface},
author={Jerzy Tiuryn},
pages={1},
journal=iandc,
month=oct # "/" # nov # "/" # dec,
year=1985,
volume=67,
number={1--3}
}

@Article{Robson85,
title={Alternation with Restrictions on Looping},
author={J. M. Robson},
pages={2--11},
journal=iandc,
month=oct # "/" # nov # "/" # dec,
year=1985,
volume=67,
number={1--3}
}

@Article{Rytter85,
title={Fast Recognition of Pushdown Automaton and Context-free
Languages},
author={Wojciech Rytter},
pages={12--22},
journal=iandc,
month=oct # "/" # nov # "/" # dec,
year=1985,
volume=67,
number={1--3}
}

@Article{HennessyS85,
title={The Power of the Future Perfect in Program Logics},
author={Matthew Hennessy and Colin Stirling},
pages={23--52},
journal=iandc,
month=oct # "/" # nov # "/" # dec,
year=1985,
volume=67,
number={1--3}
}

                           Regular Articles

@Article{BalcazarDG85,
title={Uniform Characterizations of Non-Uniform Complexity Measures},
author={Jos{\'e} L. Balc{\'a}zar and Josep D{\'\i}az and Joaquim
Gabarr{\'o}},
pages={53--69},
journal=iandc,
month=oct # "/" # nov # "/" # dec,
year=1985,
volume=67,
number={1--3}
}

@Article{BlassGK85,
title={A Zero-One Law for Logic with a Fixed-Point Operator},
author={Andreas Blass and Yuri Gurevich and Dexter Kozen},
pages={70--90},
journal=iandc,
month=oct # "/" # nov # "/" # dec,
year=1985,
volume=67,
number={1--3}
}

@Article{Vishkin90,
title={Optimal Parallel Pattern Matching in Strings},
author={Uzi Vishkin},
pages={91--113},
journal=iandc,
month=oct # "/" # nov # "/" # dec,
year=1985,
volume=67,
number={1--3}
}

@Article{IbarraKR85a,
title={Some Characterizations of Multihead Finite Automata},
author={Oscar H. Ibarra and Sam M. Kim and Louis E. Rosier},
pages={114--125},
journal=iandc,
month=oct # "/" # nov # "/" # dec,
year=1985,
volume=67,
number={1--3}
}

@Article{IbarraKR85b,
title={On Space and Time Efficient {TM} Simulations of Some Restricted
Classes of {PDA}'s},
author={Oscar H. Ibarra and Sam M. Kim and Louis E. Rosier},
pages={126--143},
journal=iandc,
month=oct # "/" # nov # "/" # dec,
year=1985,
volume=67,
number={1--3}
}

@Article{Galil85,
title={Optimal Parallel Algorithms for String Matching},
author={Zvi Galil},
pages={144--157},
journal=iandc,
month=oct # "/" # nov # "/" # dec,
year=1985,
volume=67,
number={1--3}
}

@Article{KarpinskiV85,
title={There Is No Polynomial Deterministic Space Simulation of
Probabilistic Space with a Two-Way Random-Tape Generator},
author={Marek Karpinski and Rutger Verbeek},
pages={158--162},
journal=iandc,
month=oct # "/" # nov # "/" # dec,
year=1985,
volume=67,
number={1--3}
}

@Article{Szwerinski85,
title={Symmetrical One-Dimensional Cellular Spaces},
author={Helge Szwerinski},
pages={163--172},
journal=iandc,
month=oct # "/" # nov # "/" # dec,
year=1985,
volume=67,
number={1--3}
}

@Article{Tsakalidis85,
title={{AVL}-Trees for Localized Search},
author={Athanasios K. Tsakalidis},
pages={173--194},
journal=iandc,
month=oct # "/" # nov # "/" # dec,
year=1985,
volume=67,
number={1--3}
}

@Article{Meyer85,
title={Lower Time Bounds for Solving Linear Diophantine Equations on
Several Parallel Computational Models},
author={Friedhelm {Meyer auf der Heide}},
pages={195--211},
journal=iandc,
month=oct # "/" # nov # "/" # dec,
year=1985,
volume=67,
number={1--3}
}

@Article{Wegener85,
title={The Critical Complexity of All (Monotone) {B}oolean Functions
and Monotone Graph Properties},
author={Ingo Wegener},
pages={212--222},
journal=iandc,
month=oct # "/" # nov # "/" # dec,
year=1985,
volume=67,
number={1--3}
}

Author Index for Volume 67 -- page 223

Cumulative Subject Index for Volumes 64 -- 67

                     January/February/March 1986
                        Volume 68, Numbers 1-3

@Article{Poigne86,
title={On Specifications, Theories, and Models with Higher Types},
author={Axel Poign{\'e}},
pages={1--46},
journal=iandc,
month=jan # "/" # feb # "/" # mar,
year=1986,
volume=68,
number={1--3}
}

@Article{LynchGFG86,
title={Probabilistic Analysis of a Network Resource Allocation
Algorithm},
author={Nancy A. Lynch and Nancy D. Griffeth and Michael J. Fischer
and Leonidas J. Guibas},
pages={47--85},
journal=iandc,
month=jan # "/" # feb # "/" # mar,
year=1986,
volume=68,
number={1--3}
}

@Article{Immerman86,
title={Relational Queries Computable in Polynomial Time},
author={Neil Immerman},
pages={86--104},
journal=iandc,
month=jan # "/" # feb # "/" # mar,
year=1986,
volume=68,
number={1--3}
}

@Article{ChazelleCPY86,
title={New Upper Bounds for Neighbor Searching},
author={B. Chazelle and R. Cole and F. P. Preparata and C. Yap},
pages={105--124},
journal=iandc,
month=jan # "/" # feb # "/" # mar,
year=1986,
volume=68,
number={1--3}
}

@Article{GrafS86a,
title={A Modal Characterization of Observational Congruence on Finite
Terms of {CCS}},
author={S. Graf and J. Sifakis},
pages={125--145},
journal=iandc,
month=jan # "/" # feb # "/" # mar,
year=1986,
volume=68,
number={1--3}
}

Author Index for Volume 68 -- page 271

                         April/May/June 1986
                        Volume 69, Numbers 1-3

@Article{Townsend86,
title={A Polynomial Jump Operator},
author={Mike Townsend},
pages={146--169},
journal=iandc,
month=jan # "/" # feb # "/" # mar,
year=1986,
volume=68,
number={1--3}
}

@Article{HoffmanMRT86,
title={Sorting Jordan Sequences in Linear Time Using Level-Linked
Search Trees},
author={Kurt Hoffman and Kurt Mehlhorn and Pierre Rosenstiehl and
Robert E. Tarjan},
pages={170--184},
journal=iandc,
month=jan # "/" # feb # "/" # mar,
year=1986,
volume=68,
number={1--3}
}

@Article{AptD86,
title={Syntax Directed Analysis of Liveness Properties},
author={Krzysztof R. Apt and Carole Delporte-Gellet},
journal=iandc,
month=jan # "/" # feb # "/" # mar,
year=1986,
volume=68,
number={1--3}
}

@Article{Brandt86,
title={The Position of Index Sets of Identifiable Sets in the
Arithmetical Hierarchy},
author={Ulrike Brandt},
pages={185--195},
journal=iandc,
month=jan # "/" # feb # "/" # mar,
year=1986,
volume=68,
number={1--3}
}

@Article{Huynh86,
title={A Superexponential Lower Bound for {G}r\"obner Bases and
{C}hurch-{R}osser Commutative {T}hue Systems},
author={Dung T. Huynh},
pages={196--206},
journal=iandc,
month=jan # "/" # feb # "/" # mar,
year=1986,
volume=68,
number={1--3}
}

@Article{Flanagan86,
title={An Optimally Data Efficient Isomorphism Inference Algorithm},
author={Peter A. Flanagan},
pages={207--222},
journal=iandc,
month=jan # "/" # feb # "/" # mar,
year=1986,
volume=68,
number={1--3}
}

@Article{GrafS86b,
title={A Logic for the Description of Non-deterministic Programs and
Their Properties},
author={S. Graf and J. Sifakis},
pages={254--270},
journal=iandc,
month=jan # "/" # feb # "/" # mar,
year=1986,
volume=68,
number={1--3}
}

@Article{HomerR86,
title={Arithmetic Theories for Computational Complexity Problems},
author={Steve Homer and John Reif},
pages={1--11},
journal=iandc,
month=apr # "/" # may # "/" # jun,
year=1986,
volume=69,
number={1--3}
}

@Article{DaleyS86,
title={On the Complexity of Inductive Inference},
author={Robert P. Daley and Carl H. Smith},
pages={12--40},
journal=iandc,
month=apr # "/" # may # "/" # jun,
year=1986,
volume=69,
number={1--3}
}

@Article{File86,
title={Machines for Attribute Grammars},
author={Gilberto Fil{\'e}},
pages={41--124},
journal=iandc,
month=apr # "/" # may # "/" # jun,
year=1986,
volume=69,
number={1--3}
}

@Article{ZachosH86,
title={A Decisive Characterization of {BPP}},
author={Stathis Zachos and Hans Heller},
pages={125--135},
journal=iandc,
month=apr # "/" # may # "/" # jun,
year=1986,
volume=69,
number={1--3}
}

@Article{RozenbergW86,
title={Boundary {NLC} Graph Grammars---Basic Definitions, Normal
Forms, and Complexity},
author={Grzegorz Rozenberg and Emo Welzl},
pages={136--167},
journal=iandc,
month=apr # "/" # may # "/" # jun,
year=1986,
volume=69,
number={1--3}
}

@Article{AtallahH86,
title={Solving Tree Problems on a Mesh-Connected Processor Array},
author={Mikhail J. Atallah and Susanne E. Hambrusch},
pages={168--187},
journal=iandc,
month=apr # "/" # may # "/" # jun,
year=1986,
volume=69,
number={1--3}
}

@Article{Curien86,
title={Categorical Combinators},
author={P.-L. Curien},
pages={188--254},
journal=iandc,
month=apr # "/" # may # "/" # jun,
year=1986,
volume=69,
number={1--3}
}

@Article{Seiferas86,
title={A Simplified Lower Bound for Context-Free-Language Recognition},
author={Joel I. Seiferas},
pages={255--260},
journal=iandc,
month=apr # "/" # may # "/" # jun,
year=1986,
volume=69,
number={1--3}
}

Author Index for Volume 69 -- page 261

                              July 1986
                         Volume 70, Number 1

@Article{AtzeniM86,
title={Functional Dependencies and Constraints on Null Values in
Database Relations},
author={Paolo Atzeni and Nicola M. Morfuni},
pages={1--31},
journal=iandc,
month=jul,
year=1986,
volume=70,
number=1
}

@Article{ColeV86,
title={Deterministic Coin Tossing with Applications to Optimal
Parallel List Ranking},
author={Richard Cole and Uzi Vishkin},
pages={32--53},
journal=iandc,
month=jul,
year=1986,
volume=70,
number=1
}

@Article{OrponenS86,
title={The Density and Complexity of Polynomial Cores for
Intractable},
author={Pekka Orponnen and Uwe Sch{\"o}ning},
pages={54--68},
journal=iandc,
month=jul,
year=1986,
volume=70,
number=1
}

@Article{OshersonSW86,
title={Aggregating Inductive Expertise},
author={Daniel N. Osherson and Michael Stob and Scott Weinstein},
pages={69--95},
journal=iandc,
month=jul,
year=1986,
volume=70,
number=1
}

                        August/September 1986
                        Volume 70, Numbers 2/3

@Article{HartS86,
title={Probabilistic Propositional Temporal Logics},
author={Sergiu Hart and Micha Sharir},
pages={97--155},
journal=iandc,
month=aug # "/" # sep,
year=1986,
volume=70,
number={2/3}
}

@Article{Royer86,
title={Inductive Inference of Approximations},
author={James S. Royer},
pages={156--178},
journal=iandc,
month=aug # "/" # sep,
year=1986,
volume=70,
number={2/3}
}

@Article{MoriyaIK86,
title={A Note on some Simultaneous Relations among Time, Space, and
Reversal for Single Work Tape Nondeterministic {T}uring Machines},
author={Etsuro Moriya and Shigeki Iwata and Takumi Kasai},
pages={179--185},
journal=iandc,
month=aug # "/" # sep,
year=1986,
volume=70,
number={2/3}
}

@Article{Gacs86,
title={Every Sequence Is Reducible to a Random One},
author={P{\'e}ter G{\'a}cs},
pages={186--192},
journal=iandc,
month=aug # "/" # sep,
year=1986,
volume=70,
number={2/3}
}

@Article{LausenSW86,
title={Pre-analysis Locking},
author={Georg Lausen and Eljas Soisalon-Soininen and Peter Widmayer},
pages={193--215},
journal=iandc,
month=aug # "/" # sep,
year=1986,
volume=70,
number={2/3}
}

@Article{DenenbergGS86,
title={Definability by Constant-Depth Polynomial-Size Circuits},
author={Larry Denenberg and Yuri Gurevich and Saharon Shelah},
pages={216--240},
journal=iandc,
month=aug # "/" # sep,
year=1986,
volume=70,
number={2/3}
}

Author Index for Volume 70 -- page 241

                        October/November 1986
                        Volume 71, Numbers 1/2

@Article{DammG86,
title={An Automata-Theoretical Characterization of the
{OI}-Hierarchy},
author={Werner Damm and Andreas Goerdt},
pages={1--32},
journal=iandc,
month=oct # "/" # nov,
year=1986,
volume=71,
number={1/2}
}

@Article{Yokouchi86,
title={Retraction Map Categories and Their Applications to the
Construction of Lambda Calculus Models},
author={Hirofumi Yokouchi},
pages={33--86},
journal=iandc,
month=oct # "/" # nov,
year=1986,
volume=71,
number={1/2}
}

@Article{Zak86,
title={An Exponential Lower Bound for Real-Time Branching Programs},
author={Stanislav {\v Z}{\'a}k},
pages={87--94},
journal=iandc,
month=oct # "/" # nov,
year=1986,
volume=71,
number={1/2}
}

@Article{MacqueenPS86,
title={An Ideal Model for Recursive Polymorphic Types},
author={David MacQueen and Gordon Plotkin and Ravi Sethi},
pages={95--130},
journal=iandc,
month=oct # "/" # nov,
year=1986,
volume=71,
number={1/2}
}

@Article{KarpinskiV86,
title={On the Power of Two-Way Random Generators and the Impossibility
of Deterministic Poly-Space Simulation},
author={Marek Karpinski and Rutger Verbeek},
pages={131--142},
journal=iandc,
month=oct # "/" # nov,
year=1986,
volume=71,
number={1/2}
}

                            December 1986
                         Volume 71, Number 3

@Article{BodlaenderL86,
author={H. L. Bodlaender and J. van Leeuwen},
title={Simulation of Large Networks on Smaller Networks},
pages={143--180},
journal=iandc,
month=dec,
year=1986,
volume=71,
number=3
}

@Article{PapadimitriouY86,
author={Christos H. Papadimitriou and Mihalis Yannakakis},
title={A Note on Succinct Representations of Graphs},
pages={181--185},
journal=iandc,
month=dec,
year=1986,
volume=71,
number=3
}

@Article{MohanS86,
title={Function Definitions in Term Rewriting and Applicative
Programming},
author={Chilukuri K. Mohan and Mandayam K. Srivas},
pages={186--217},
journal=iandc,
month=dec,
year=1986,
volume=71,
number=3
}

@Article{IiGS86,
author={K. {Culik II} and J. Grushka and A. Salomaa},
title={Systolic Trellis Automata: Stability, Decidability and
Complexity},
pages={218--230},
journal=iandc,
month=dec,
year=1986,
volume=71,
number=3
}

@Article{Heller86,
title={On Relativized Exponential and Probabilistic Complexity
Classes},
author={Hans Heller},
pages={231--243},
journal=iandc,
month=dec,
year=1986,
volume=71,
number=3
}

Author Index for Volume 71 -- page 244

Cumulative Subject Index for Volumes 68-71

                     INFORMATION AND COMPUTATION

                             January 1987
                         Volume 72, Number 1

@Article{Gunter87,
title={Universal Profinite Domains},
author={Carl A. Gunter},
pages={1--30},
journal=iandcomp,
month=jan,
year=1987,
volume=72,
number=1
}

@Article{AndrekaGN87,
title={A Unifying Theorem for Algebraic Semantics and Dynamic Logics},
author={H. Andr{\'e}ka and I. Guessarian and I. N{\'e}meti},
pages={31--45},
journal=iandcomp,
month=jan,
year=1987,
volume=72,
number=1
}

@Article{Thatte87,
title={A Refinement of Strong Sequentiality for Term Rewriting with
Constructors},
author={Satish Thatte},
pages={46--65},
journal=iandcomp,
month=jan,
year=1987,
volume=72,
number=1
}

@Article{AmirG87,
title={Preservation of Expressive Completeness in Temporal Models},
author={Amihood Amir and Dov M. Gabbay},
pages={66--83},
journal=iandcomp,
month=jan,
year=1987,
volume=72,
number=1
}

                            February 1987
                         Volume 72, Number 2

@Article{CoppoDM87,
title={Type Theories, Normal Forms and {${\rm
D}_\infty$}-Lambda-Models},
author={M. Coppo and M. Dezani-Ciancaglini and M. Zacchi},
pages={85--116},
journal=iandcomp,
month=feb,
year=1987,
volume=72,
number=2
}

@Article{DriscollF87,
title={Computing Short Generator Sequences},
author={James R. Driscoll and Merrick L. Furst},
pages={117--132},
journal=iandcomp,
month=feb,
year=1987,
volume=72,
number=2
}

@Article{Kutylowski87,
title={A Generalized {G}rzegorczyk Hierarchy and Low Complexity
Classes},
author={Miroslaw Kuty{\l}owski},
pages={133--149},
journal=iandcomp,
month=feb,
year=1987,
volume=72,
number=2
}

@Article{RawlinsW87,
title={Optimal Computation of Finitely Oriented Convex Hulls},
author={Gegory J. E. Rawlins and Derick Wood},
pages={150--166},
journal=iandcomp,
month=feb,
year=1987,
volume=72,
number=2
}

                              March 1987
                         Volume 72, Number 3

@Article{Woll87,
title={Reductions among Number Theoretic Problems},
author={Heather Woll},
pages={167--179},
journal=iandcomp,
month=mar,
year=1987,
volume=72,
number=3
}

@Article{DolevHSS87,
title={A New Look at Fault-Tolerant Network Routing},
author={Danny Dolev and Joseph Y. Halpern and Barbara Simons and H.
Raymond Strong},
pages={180--196},
journal=iandcomp,
month=mar,
year=1987,
volume=72,
number=3
}

@Article{Winskel87,
title={Petri Nets, Algebras, Morphisms, and Compositionality},
author={Glynn Winskel},
pages={197--238},
journal=iandcomp,
month=mar,
year=1987,
volume=72,
number=3
}

@Article{Kazakos87,
title={Qualitative Robustness in Time Series},
author={P. Papantoni-Kazakos},
pages={239--269},
journal=iandcomp,
month=mar,
year=1987,
volume=72,
number=3
}

@Article{MehlhornP87,
title={Area-Time Optimal Division for {$T=\Omega((\log n)^{1+
\epsilon})$}},
author={K. Mehlhorn and F. P. Preparata},
pages={270--282},
journal=iandcomp,
month=mar,
year=1987,
volume=72,
number=3
}

Author Index for Volume 72 -- page 283

                              April 1987
                         Volume 73, Number 1

@Article{DurisGS87,
title={Lower Bounds on Communication Complexity},
author={Pavol Duris and Zvi Galil and Georg Schnitger},
pages={1--22},
journal=iandcomp,
month=apr,
year=1987,
volume=73,
number=1
}

@Article{TeneketzisH87,
title={The Decentralized {W}ald Problem},
author={Demosthenis Teneketzis and Yu-Chi Ho},
pages={23--44},
journal=iandcomp,
month=apr,
year=1987,
volume=73,
number=1
}

@Article{BeckerO87,
title={Layouts with Wires of Balanced Length},
author={B. Becker and H. G. Osthof},
pages={45--59},
journal=iandcomp,
month=apr,
year=1987,
volume=73,
number=1
}

@Article{ClerboutL87,
title={Semi-commutations},
author={M. Clerbout and M. Latteux},
pages={59--74},
journal=iandcomp,
month=apr,
year=1987,
volume=73,
number=1
}

@Article{Rytter87,
title={Parallel Time {$O(\log n)$} Recognition of Unambiguous
Context-free Languages},
author={Wojciech Rytter},
pages={75--86},
journal=iandcomp,
month=apr,
year=1987,
volume=73,
number=1
}

                               May 1987
                         Volume 73, Number 2

@Article{PaciniT87,
title={Semantics of Production Systems},
author={Giuliano Pacini and Franco Turini},
pages={87--101},
journal=iandcomp,
month=may,
year=1987,
volume=73,
number=2
}

@Article{LiY87,
title={Separation and Lower Bounds for {ROM} and Nondeterministic
Models of Parallel Computation},
author={Ming Li and Yaacov Yesha},
pages={102--128},
journal=iandcomp,
month=may,
year=1987,
volume=73,
number=2
}

@Article{Obtulowicz87,
title={Algebra of Constructions.  {I}. The Word Problem for Partial
Algebras},
author={Adam Obtu{\l}owicz},
pages={129--173},
journal=iandcomp,
month=may,
year=1987,
volume=73,
number=2
}

@Article{GinsbergG87,
title={Object Histories Which Avoid Certain Subsequences},
author={Seymour Ginsberg and Marc Gyssens},
pages={174--206},
journal=iandcomp,
month=may,
year=1987,
volume=73,
number=2
}

                              June 1987
                         Volume 73, Number 3

@Article{CostaS87,
title={Weak and Strong Fairness in {CCS}},
author={Berardo Costa and Colin Stirling},
pages={207--244},
journal=iandcomp,
month=jun,
year=1987,
volume=73,
number=3
}

@Article{EngelfrietV87,
title={Look-Ahead on Pushdowns},
author={Joost Engelfriet and Heiko Vogler},
pages={245--279},
journal=iandcomp,
month=jun,
year=1987,
volume=73,
number=3
}

Author Index for Volume 73 -- page 280

                              July 1987
                         Volume 74, Number 1

@Article{Krichevsky87,
title={Information Compression and {V}arshamov-{G}ilbert Bound},
author={R. E. Krichevsky},
pages={1--14},
journal=iandcomp,
month=jul,
year=1987,
volume=74,
number=1
}

@Article{KirschenhoferP87,
author={Peter Kirschenhofer and Helmut Prodinger},
title={On the Recursive Depth of Special Tree Traversal Algorithms},
pages={15--32},
journal=iandcomp,
month=jul,
year=1987,
volume=74,
number=1
}

@Article{PelegS87,
title={On Fault Tolerant Routings in General Networks},
author={David Peleg and Barbara Simons},
pages={33--49},
journal=iandcomp,
month=jul,
year=1987,
volume=74,
number=1
}

@Article{YangM87,
title={An Efficient Algorithm for Multiprocessor Fault Diagnosis Using
the Comparison Approach},
author={Che-Liang Yang and Gerald M. Masson},
pages={50--63},
journal=iandcomp,
month=jul,
year=1987,
volume=74,
number=1
}

@Article{Rozoy87,
title={The {D}yck Language {$D'_1{}^{*}$} Is Not Generated by Any
Matric Grammar of Finite Index},
author={Brigitte Rozoy},
pages={64--89},
journal=iandcomp,
month=jul,
year=1987,
volume=74,
number=1
}

                             August 1987
                         Volume 74, Number 2

@Article{MarronK87,
title={Identification of Pattern Languages from Examples and Queries},
author={Assaf Marron and Ker-I Ko},
pages={91--112},
journal=iandcomp,
month=aug,
year=1987,
volume=74,
number=2
}

@Article{FredericksonS87,
title={On-line Updating of Solutions to a Class of Matroid
Intersection Problems},
author={Greg N. Frederickson and Mandayan A. Srinivas},
pages={113--139},
journal=iandcomp,
month=aug,
year=1987,
volume=74,
number=2
}

@Article{Kratsch87,
title={Finding the Minimum Bandwidth of an Interval Graphs},
author={Dieter Kratsch},
pages={140--158},
journal=iandcomp,
month=aug,
year=1987,
volume=74,
number=2
}

@Article{Welch87,
title={Simulating Synchronous Processors},
author={Jennifer Lundelius Welch},
pages={159--170},
journal=iandcomp,
month=aug,
year=1987,
volume=74,
number=2
}

                            September 1987
                         Volume 74, Number 3

@Article{Sakarovitch87,
title={Easy Multiplications. {I}. {T}he Realm of {K}leene's Theorem},
author={Jacques Sakarovitch},
pages={173--197},
journal=iandcomp,
month=sep,
year=1987,
volume=74,
number=3
}

@Article{Hrbacek87,
title={Convex Powerdomains {I}},
author={Karel Hrbacek},
pages={198--225},
journal=iandcomp,
month=sep,
year=1987,
volume=74,
number=3
}

@Article{BoppanaL87,
title={One-Way Functions and Circuit Complexity},
author={R. B. Boppana and J. C. Lagarias},
pages={226--240},
journal=iandcomp,
month=sep,
year=1987,
volume=74,
number=3
}

@Article{Santha87,
title={On Using Deterministic Functions to Reduce Randomness in
Probabilistic Algorithms},
author={Miklos Santha},
pages={241--249},
journal=iandcomp,
month=sep,
year=1987,
volume=74,
number=3
}

Author Index for Volume 74 -- page 252

                             October 1987
                         Volume 75, Number 1

@Article{Carlson87,
title={Time-Space Efficient Algorithms for Computing Convolutions and
Related Problems},
author={David A. Carlson},
pages={1--14},
journal=iandcomp,
month=oct,
year=1987,
volume=75,
number=1
}

@Article{HeY87,
title={Parallel Recognitions and Decomposition of Two Terminal Series
Parallel Graphs},
author={Xin He and Yaacov Yesha},
pages={15--38},
journal=iandcomp,
month=oct,
year=1987,
volume=75,
number=1
}

@Article{Hagerup87,
title={Towards Optimal Parallel Bucket Sorting},
author={Torben Hagerup},
pages={39--51},
journal=iandcomp,
month=oct,
year=1987,
volume=75,
number=1
}

@Article{BroderDFS87,
title={Efficient Fault-Tolerant Routings in Networks},
author={Andrei Broder and Danny Dolev and Michael Fischer and Barbara
Simons},
pages={52--64},
journal=iandcomp,
month=oct,
year=1987,
volume=75,
number=1
}


@Article{WanerW87,
title={The Hierarchical Structure of Graph Searches},
author={Stefan Waner and Yihren Wu},
pages={65--85},
journal=iandcomp,
month=oct,
year=1987,
volume=75,
number=1
}

                            November 1987
                         Volume 75, Number 2

@Article{Angluin87,
author={Dana Angluin},
title={Learning Regular Sets from Queries and Counterexamples},
pages={87--106},
journal=iandcomp,
month=nov,
year=1987,
volume=75,
number=2
}

@Article{KleinW87,
author={Rolf Klein and Derrick Wood},
title={The Node Visit Cost of Brother Trees},
pages={107--129},
journal=iandcomp,
month=nov,
year=1987,
volume=75,
number=2
}

@Article{Bracha87,
author={Gabriel Bracha},
title={Asynchronous {B}yzantine Agreement Protocols},
pages={130--143},
journal=iandcomp,
month=nov,
year=1987,
volume=75,
number=2
}

@Article{YamamotoN87,
author={Hiroaki Yamamoto and Shoichi Noguchi},
title={Comparison of the Power between Reversal-Bounded {ATM}s and
Reversal-Bounded {NTM}s},
pages={144--161},
journal=iandcomp,
month=nov,
year=1987,
volume=75,
number=2
}

@Article{MansourZ87,
author={Y. Mansour and S. Zaks},
title={On the Bit Complexity of Distributed Computations in a Ring
with a Leader},
pages={162--177},
journal=iandcomp,
month=nov,
year=1987,
volume=75,
number=2
}

@Article{KarpinskiV87,
author={Marek Karpinski and Rutger Verbeek},
title={On the {M}onte {C}arlo Space Constructible Functions and
Seperation Results for Probabilistic Complexity Classes},
pages={178--189},
journal=iandcomp,
month=nov,
year=1987,
volume=75,
number=2
}

                            December 1987
                         Volume 75, Number 3

@Article{KennawaySBK87,
author={H. P. Barendregt and J. R. Kennaway and J. W. Klop and M. R.
Sleep},
title={Needed Reduction and Spine Strategies for the Lambda Calculus},
pages={191--231},
journal=iandcomp,
month=dec,
year=1987,
volume=75,
number=3
}

@Article{HauschildtV87,
author={Dirk Hauschildt and R{\"u}diger Valk},
title={Safe States in Banker-like Resource Allocations Problems},
pages={232--263},
journal=iandcomp,
month=dec,
year=1987,
volume=75,
number=3
}

@Article{Kranakis87,
author={Evangelos Kranakis},
title={Fixed Point Equations with Parameters in the Projective Model},
pages={264--288},
journal=iandcomp,
month=dec,
year=1987,
volume=75,
number=3
}

@Article{RoscoeD87,
author={A. W. Roscoe and Naiem Dathi},
title={The Pursuit of Deadlock freedom},
pages={289--327},
journal=iandcomp,
month=dec,
year=1987,
volume=75,
number=3
}

Author Index for Volume 75 -- page 328

Cumulative Subject Index for Volumes 72-75 -- pages 329-332

                             January 1988
                         Volume 76, Number 1

@Article{Spirakis88,
author={Paul G. Spirakis},
title={Optimal Parallel Randomized Algorithms for Addition Sparse
Addition and Identification},
pages={1--12},
journal=iandcomp,
month=jan,
year=1988,
volume=76,
number=1
}

@Article{Beame88,
author={Paul Beame},
title={Limits on the Power of Concurrent-Write Parallel Machines},
pages={13--28},
journal=iandcomp,
month=jan,
year=1988,
volume=76,
number=1
}

@Article{Nielson88,
author={Flemming Nielson},
title={Strictness Analysis and Denotational Abstract Interpretation},
pages={29--92},
journal=iandcomp,
month=jan,
year=1988,
volume=76,
number=1
}

                         February/March 1988
                        Volume 76, Numbers 2/3

                            Special Issue
                       Semantics of Data Types
               Gordon D. Plotkin, Special Issue Editor

@Article{Plotkin88,
title={Preface},
author={G. D. Plotkin},
pages={93},
journal=iandcomp,
month=feb # "/" # mar,
year=1988,
volume=76,
number={2/3}
}

@Article{CoquandH88,
title={The Calculus of Constructions},
author={Thierry Coquand and G{\'e}rard Huet},
pages={95--120},
journal=iandcomp,
month=feb # "/" # mar,
year=1988,
volume=76,
number={2/3}
}

@Article{Padawitz88,
title={The Equational Theory of Parameterized Specifications},
author={Peter Padawitz},
pages={121--137},
journal=iandcomp,
month=feb # "/" # mar,
year=1988,
volume=76,
number={2/3}
}

@Article{Cardelli88,
title={A Semantics of Multiple Inheritance},
author={Luca Cardelli},
pages={138--164},
journal=iandcomp,
month=feb # "/" # mar,
year=1988,
volume=76,
number={2/3}
}

@Article{SannellaT88,
title={Specifications in an Arbitrary Institution},
author={Donald Sannella and Andrzej Tarlecki},
pages={165--210},
journal=iandcomp,
month=feb # "/" # mar,
year=1988,
volume=76,
number={2/3}
}

@Article{Mitchell88,
title={Polymorphic Type Inference and Containment},
author={John C. Mitchell},
pages={211--249},
journal=iandcomp,
month=feb # "/" # mar,
year=1988,
volume=76,
number={2/3}
}

@Article{Moggi88,
title={Partial Morphisms in Categories of Effective Objects},
author={Eugenio Moggi},
pages={250--277},
journal=iandcomp,
month=feb # "/" # mar,
year=1988,
volume=76,
number={2/3}
}

@Article{LampsonB86,
title={Pebble, a Kernel Language for Modules and Abstract Data Types},
author={B. Lampson and R. Burstall},
pages={278--346},
journal=iandcomp,
month=feb # "/" # mar,
year=1988,
volume=76,
number={2/3}
}

Author Index for Volume 76 -- page 347

                              April 1988
                         Volume 77, Number 1

@Article{WelchL88,
author={Jennifer Lundelius Welch and Nancy A. Lynch},
title={A New Fault-Tolerance Algorithm for Clock Synchronization},
pages={1--36},
journal=iandcomp,
month=apr,
year=1988,
volume=77,
number=1
}

@Article{AmirG88,
author={Amihood Amir and William I. Gasarch},
title={Polynomial Terse Sets},
pages={37--56},
journal=iandcomp,
month=apr,
year=1988,
volume=77,
number=1
}

@Article{Stanfel88,
author={Larry E. Stanfel},
title={Mathematical Optimization and the Synchronizing Properties of
Encodings},
pages={57--76},
journal=iandcomp,
month=apr,
year=1988,
volume=77,
number=1
}

@Article{PittS88,
author={Leonard Pitt and Carl H. Smith},
title={Probability and Plurality for Aggregations of Learning
Machines},
pages={77--92},
journal=iandcomp,
month=apr,
year=1988,
volume=77,
number=1
}

                               May 1988
                         Volume 77, Number 2

@Article{SlotB88,
author={Cees Slot and Peter {van Emde Boas}},
title={The Problem of Space Invariance for Sequential Machines},
pages={93--122},
journal=iandcomp,
month=may,
year=1988,
volume=77,
number=2
}

@Article{BagchiS88,
author={Bhaskar Bagchi and N. S. Narasimha Sastry},
title={One-Step Completely Orthogonalizable Codes from Generalized
Quadrangles},
pages={123--130},
journal=iandcomp,
month=may,
year=1988,
volume=77,
number=2
}

@Article{Dekkers88,
author={Wil Dekkers},
title={Reducibility of Types in Typed Lambda Calculus: Comment on a
Paper by {R}ichard {S}tatman},
pages={131--137},
journal=iandcomp,
month=may,
year=1988,
volume=77,
number=2
}

@Article{OshersonSW88,
author={Daniel N. Osherson and Michael Stob and Scott Weinstein},
title={Synthesizing Inductive Expertise},
pages={138--161},
journal=iandcomp,
month=may,
year=1988,
volume=77,
number=2
}

@Article{BeckerS88,
author={Bernd Becker and Hans-Ulrich Simon},
title={How Robust Is The $n$-Cube?},
pages={162--178},
journal=iandcomp,
month=may,
year=1988,
volume=77,
number=2
}

                              June 1988
                         Volume 77, Number 3

@Article{Westerdale88,
author={T. H. Westerdale},
title={An Automaton Decomposition for Learning System Environments},
pages={179--191},
journal=iandcomp,
month=jun,
year=1988,
volume=77,
number=3
}

@Article{Cosmadakis88,
author={Stavros Cosmadakis},
title={The Word and Generator Problems for Lattices},
pages={192--217},
journal=iandcomp,
month=jun,
year=1988,
volume=77,
number=3
}

@Article{EdelsbrunnerP88,
author={H. Edelsbrunner and F. P. Preparata},
title={Minimum Polygonal Separation},
pages={218--232},
journal=iandcomp,
month=jun,
year=1988,
volume=77,
number=3
}

@Article{Frougny88,
author={Christiane Frougny},
title={Linear Numeration Systems of Order Two},
pages={233--259},
journal=iandcomp,
month=jun,
year=1988,
volume=77,
number=3
}

Author Index for Volume 77 -- page 260

                              July 1988
                         Volume 78, Number 1

@Article{CourcelleD88,
author={B. Courcelle and P. Deransart},
title={Proofs of Partial Correctness for Attribute Grammars with
Applications to Recursive Procedures and Logic Programming},
pages={1--55},
journal=iandcomp,
month=jul,
year=1988,
volume=78,
number=1
}

@Article{LiV88,
author={Ming Li and Paul M. B. Vit{\'a}nyi},
title={Tape versus Queue and Stacks: The Lower Bounds},
pages={56--85},
journal=iandcomp,
month=jul,
year=1988,
volume=78,
number=1
}

                             August 1988
                         Volume 78, Number 2

@Article{Selman88,
author={Alan L. Selman},
title={Promise Problems Complete for Complexity Classes},
pages={87--97},
journal=iandcomp,
month=aug,
year=1988,
volume=78,
number=2
}

@Article{BabaiJM88,
author={L{\'a}szl{\'o} Babai and Bettina Just and Friedhelm {Meyer auf
der Heide}},
title={On the Limits of Computations with the Floor Function},
pages={99--107},
journal=iandcomp,
month=aug,
year=1988,
volume=78,
number=2
}

@Article{Compton88,
author={Kevin J. Compton},
title={The Computational Complexity of Asymptotic Problems {I}:
Partial Orders},
pages={108--123},
journal=iandcomp,
month=aug,
year=1988,
volume=78,
number=2
}

@Article{Hashiguchi88,
author={Kosaburo Hashiguchi},
title={Algorithms for Determining Relative Star Height and Star
Height},
pages={124--169},
journal=iandcomp,
month=aug,
year=1988,
volume=78,
number=2
}

                            September 1988
                         Volume 78, Number 3

@Article{ItohT88,
author={Toshiya Itoh and Shigeo Tsujii},
title={A Fast Algorithm for Computing Multiplicative Inverses in
{GF($2^{m}$)} Using Normal Bases},
pages={171--177},
journal=iandcomp,
month=sep,
year=1988,
volume=78,
number=3
}

@Article{EphremidisPS88,
author={Sophocles Ephremidis and Christos H. Papadimitriou and Martha
Sideris},
title={Complexity Characterizations of Attribute Grammar Languages},
pages={178--186},
journal=iandcomp,
month=sep,
year=1988,
volume=78,
number=3
}

@Article{Vogler88,
author={Heiko Vogler},
title={The {OI}-Hierarchy Is Closed under Control},
pages={187--204},
journal=iandcomp,
month=sep,
year=1988,
volume=78,
number=3
}

@Article{BaetenB88,
author={J. C. M. Baeten and J. A. Bergstra},
title={Global Renaming Operators in Concrete Process Algebra},
pages={205--245},
journal=iandcomp,
month=sep,
year=1988,
volume=78,
number=3
}

@Article{Landau88,
author={Susan Landau},
title={Some Remarks on Computing the Square Parts of Integers},
pages={246--253},
journal=iandcomp,
month=sep,
year=1988,
volume=78,
number=3
}

Author Index for Volume 78 -- page 254

                             October 1988
                         Volume 79, Number 1

@Article{Gelder88,
author={Allen Van Gelder},
title={A Satisfiability Tester for Non-clausal Propositional
Calculus},
pages={1--21},
journal=iandcomp,
month=oct,
year=1988,
volume=79,
number=1
}

@Article{Hortala-Gonzalezlm88,
author={M. Teresa Hortal{\'a}-Gonz{\'a}lez and Francisca
Lucio-Carrasco and Mario Rodr{\'\i}guez-Artalejo},
title={Some General Incompleteness Results for Partial Correctness
Logics},
pages={22--42},
journal=iandcomp,
month=oct,
year=1988,
volume=79,
number=1
}

@Article{ItaiR88,
author={Alon Itai and Michael Rodeh},
title={The Multi-Tree Approach to Reliability in Distributed
Networks},
pages={43--59},
journal=iandcomp,
month=oct,
year=1988,
volume=79,
number=1
}

@Article{BensonB88,
author={David B. Benson and Ofer Ben-Shachar},
title={Bisimulation of Automata},
pages={60--83},
journal=iandcomp,
month=oct,
year=1988,
volume=79,
number=1
}

@Article{Beaudry88,
author={Martin Beaudry},
title={Membership Testing in Commutative Transformation Semigroups},
pages={84--93},
journal=iandcomp,
month=oct,
year=1988,
volume=79,
number=1
}

                            November 1988
                         Volume 79, Number 2

@Article{RobinsonR88,
author={E. Robinson and G. Rosolini},
title={Categories of Partial Maps},
pages={95--130},
journal=iandcomp,
month=nov,
year=1988,
volume=79,
number=2
}

@Article{RinatFG88,
author={Ran Rinat and Nissim Francez and Orna Grumberg},
title={Infinite Trees, Markings and Well-Foundedness},
pages={131--154},
journal=iandcomp,
month=nov,
year=1988,
volume=79,
number=2
}

@Article{Stohr88,
author={Elena St{\'o}hr},
title={A Trade-off between Page Number and Page Width of Book
Embeddings of Graphs},
pages={155--162},
journal=iandcomp,
month=nov,
year=1988,
volume=79,
number=2
}

@Article{TsaknakisP88,
author={Haralampos Tsaknakis and P. Papantoni-Kazakos},
title={Outlier Resistent Filtering and Smoothing},
pages={163--192},
journal=iandcomp,
month=nov,
year=1988,
volume=79,
number=2
}

                            December 1988
                         Volume 79, Number 3

@Article{Fulk88,
author={Mark Fulk},
title={Saving the Phenomena: Requirements that Inductive Inference
Machines Not Contradict Known Data},
pages={193--209},
journal=iandcomp,
month=dec,
year=1988,
volume=79,
number=3
}

@Article{Arun-kumarKSR88,
author={R. Koymans and R. K. Shyamasundar and W. P. de Roever and R.
Gerth and S. Arun-Kumar},
title={Compositional Semantics for Real-Time Distributed Computing},
pages={210--256},
journal=iandcomp,
month=dec,
year=1988,
volume=79,
number=3
}

@Article{Trachtenberg88,
author={E. A. Trachtenberg},
title={Fault Tolerant Computing and Reliable Communication: A Unified
Approach},
pages={257--279},
journal=iandcomp,
month=dec,
year=1988,
volume=79,
number=3
}

Author Index for Volume 79 -- page 280

Cumulative Subject Index for Volumes 76-79

                             January 1989
                         Volume 80, Number 1

@Article{TorenvlietB89,
author={Leen Torenvliet and Peter {Van Emde Boas}},
title={Simplicity, Immunity, Relativizations and Nondeterminism},
pages={1--17},
journal=iandcomp,
month=jan,
year=1989,
volume=80,
number=1
}

@Article{BuningL89,
author={Hans Kleine B{\"u}ning and Ulrich L{\"o}wen},
title={Optimizing Propositional Calculus Formulas with Regard to
Questions of Deducibility},
pages={18--43},
journal=iandcomp,
month=jan,
year=1989,
volume=80,
number=1
}

@Article{Santha89,
author={Miklos Santha},
title={Relativized {A}rthur-{M}erlin versus {M}erlin-{A}rthur Games},
pages={44--49},
journal=iandcomp,
month=jan,
year=1989,
volume=80,
number=1
}

@Article{CurienO89,
author={P.-L. Curien and A. Obtu{\l}owicz},
title={Partiality, {C}artesian closedness and Toposes},
pages={50--95},
journal=iandcomp,
month=jan,
year=1989,
volume=80,
number=1
}

                            February 1989
                         Volume 80, Number 2

@Article{KlopV89,
author={J. W. Klop And R. C. de Vrijer},
title={Unique Normal Forms for Lambda Calculus with Surjective
Pairing},
pages={97--113},
journal=iandcomp,
month=feb,
year=1989,
volume=80,
number=2
}

@Article{Engelfriet89,
author={Joost Engelfriet},
title={The Power to Two-Way Deterministic Checking Stack Automata},
pages={114--120},
journal=iandcomp,
month=feb,
year=1989,
volume=80,
number=2
}

@Article{Bernot89,
author={Gilles Bernot},
title={Correctness Proofs for Abstract Implementation},
pages={121--151},
journal=iandcomp,
month=feb,
year=1989,
volume=80,
number=2
}

@Article{Vazirani89,
author={Vijay V. Vazirani},
title={{NC} Algorithms for Computing the Number of Perfect Matchings
in {$K_{3,3}$}-Free Graphs and Related Problems},
pages={152--164},
journal=iandcomp,
month=feb,
year=1989,
volume=80,
number=2
}

@Article{CousotC89,
author={Patrick Cousot and Radhia Cousot},
title={A Language Independent Proof of the Soundness and Completeness
of Generalized {H}oare Logic},
pages={165--191},
journal=iandcomp,
month=feb,
year=1989,
volume=80,
number=2
}

                              March 1989
                         Volume 80, Number 3

@Article{RuzzoK89,
author={Howard J. Karloff and Walter L. Ruzzo},
title={The Iterated Mod Problem},
pages={193--204},
journal=iandcomp,
month=mar,
year=1989,
volume=80,
number=3
}

@Article{DymondC89,
author={Patrick W. Dymond and Stephen A. Cook},
title={Complexity Theory of Parallel Time and Hardware},
pages={205--226},
journal=iandcomp,
month=mar,
year=1989,
volume=80,
number=3
}

@Article{RivestQ89,
author={J. Ross Quinlan and Ronald L. Rivest},
title={Inferring Decision Trees Using the Minimum Description Length
Principle},
pages={227--248},
journal=iandcomp,
month=mar,
year=1989,
volume=80,
number=3
}

@Article{FrancezP89,
author={Sara Porat and Nissim Francez},
title={Fairness in Context-Free Grammars under Every Choice-strategy},
pages={249--268},
journal=iandcomp,
month=mar,
year=1989,
volume=80,
number=3
}

@Article{LangeJK89,
author={Brigit Jenner and Bernd Kirsig and Klaus-J{\"o}rn Lange},
title={The Logarithmic Alternation Hierarchy Collapses: {$\bf A
\sum^{\cal{L}}_{2}={A}{\Pi}^{\cal{L}}_{2}$}},
pages={269--287},
journal=iandcomp,
month=mar,
year=1989,
volume=80,
number=3
}

Author Index for Volume 80 -- page 289

                              April 1989
                         Volume 81, Number 1

@Article{Tiuryn89,
author={Jerzy Tiuryn},
title={A Simplified Proof of {{\sl DDL $<$ DL}}},
pages={1--12},
journal=iandcomp,
month=apr,
year=1989,
volume=81,
number=1
}

@Article{ClarkeGB89,
author={M. C. Browne and E. M. Clarke and O. Grumberg},
title={Reasoning about Networks with Many Identical Finite State
Processes},
pages={13--31},
journal=iandcomp,
month=apr,
year=1989,
volume=81,
number=1
}

@Article{RytterG89,
author={Alan Gibbons and Wojciech Rytter},
title={Optimal Parallel Algorithm for Dynamic Expression Evaluation
and Context-Free Recognition},
pages={32--45},
journal=iandcomp,
month=apr,
year=1989,
volume=81,
number=1
}

@Article{Fraenkel89,
author={Aviezri S. Fraenkel},
title={The Use and Usefulness of Numeration Systems},
pages={46--61},
journal=iandcomp,
month=apr,
year=1989,
volume=81,
number=1
}

@Article{Ko89,
author={Ker-I Ko},
title={Distinguishing Conjunctive and Disjunctive Reducibilities by
Sparse Sets},
pages={62--87},
journal=iandcomp,
month=apr,
year=1989,
volume=81,
number=1
}

@Article{EngelfrietL89,
author={Joost Engelfriet and George Leih},
title={Linear Graph Grammars: Power and Complexity},
pages={88--121},
journal=iandcomp,
month=apr,
year=1989,
volume=81,
number=1
}

                               May 1989
                         Volume 81, Number 2

@Article{CoquandGW89,
author={Thierry Coquand and Carl Gunter and Glynn Winskel},
title={Domain Theoretic Models of Polymorphism},
pages={123--167},
journal=iandcomp,
month=may,
year=1989,
volume=81,
number=2
}

@Article{AbrusciM89,
author={V. Michele Abrusci and Gianfranco Mascari},
title={A Logic of Recursion},
pages={168--226},
journal=iandcomp,
month=may,
year=1989,
volume=81,
number=2
}

@Article{Milner89,
author={Robin Milner},
title={A Complete Axiomatisation for Observational Congruence of
Finite-State Behaviors},
pages={227--247},
journal=iandcomp,
month=may,
year=1989,
volume=81,
number=2
}

                              June 1989
                         Volume 81, Number 3

@Article{StreettE89,
author={Robert S. Streett and E. Allen Emerson},
title={An Automata Theoretic Decision Procedure for the Propositional
Mu-Calculus},
pages={249--264},
journal=iandcomp,
month=jun,
year=1989,
volume=81,
number=3
}

@Article{Senizergues89,
author={G. S{\'e}nizergues},
title={Church-{R}osser Controller Rewriting Systems and Equivalence
problems for Deterministic Context-Free Languages},
pages={265--279},
journal=iandcomp,
month=jun,
year=1989,
volume=81,
number=3
}

@Article{Istrail84,
author={Sorin Istrail},
title={An Arithmetical Hierarchy in Propositional Dynamic Logic},
pages={280-289},
journal=iandcomp,
month=jun,
year=1989,
volume=81,
number=3
}

@Article{Hrbacek89,
author={Karel Hrbacek},
title={Convex Powerdomains {II}},
pages={290--317},
journal=iandcomp,
month=jun,
year=1989,
volume=81,
number=3
}

@Article{CoppersmithTR89,
author={Don Coppersmith and Prabhakar Raghavan and Martin Tompa},
title={Parallel Graph Algorithms That Are Efficient on Average},
pages={318--333},
Journal=iandcomp,
month=jun,
year=1989,
volume=81,
number=3
}

@Article{ColeV89,
author={Richard Cole and Uzi Vishkin},
title={Faster Optimal Parallel Prefix Sums and List Ranking},
pages={334--352},
journal=iandcomp,
month=jun,
year=1989,
volume=81,
number=3
}

@Article{StossS89,
author={H.-J. Stoss and W. Schnitzlein},
title={Linear-Time Simulation of Multihead {T}uring Machines},
pages={353--363},
journal=iandcomp,
month=jun,
year=1989,
volume=81,
number=3
}

@Article{WillardR89,
author={Dan E. Willard and John H. Reif},
title={Parallel Processing Can Be Harmful:  The Unusual Behavior of
Interpolation Search},
pages={364--379},
journal=iandcomp,
month=jun,
year=1989,
volume=81,
number=3
}

                              July 1989
                         Volume 82, Number 1

@Article{JouannaudK89,
author={Jean-Pierre Jouannaud and Emmanuel Kounalis},
title={Automatic Proofs by Induction in Theories without
Constructors},
pages={1--33},
journal=iandcomp,
month=jul,
year=1989,
volume=82,
number=1
}

@Article{CaiH89,
author={Jin-Yi Cai and Lane A. Hemachandra},
title={Enumerative Counting Is Hard},
pages={34--44},
journal=iandcomp,
month=jul,
year=1989,
volume=82,
number=1
}

@Article{Willard89,
title={Lower Bounds for the Addition-Subtraction Operations in
Orthogonal Range Queries and Related Problems},
author={Dan E. Willard},
pages={45--64},
journal=iandcomp,
month=jul,
year=1989,
volume=82,
number=1
}

@Article{Droste89,
author={Manfred Droste},
title={Recursive Domain Equations for Concrete Data Structures},
pages={65--80},
journal=iandcomp,
month=jul,
year=1989,
volume=82,
number=1
}

@Article{LynchS89,
author={Nancy A. Lynch and Eugene W. Stark},
title={A Proof of the {K}ahn Principle for Input/Output Automata},
pages={81--92},
journal=iandcomp,
month=jul,
year=1989,
volume=82,
number=1
}

@Article{SinclairJ89,
author={Alistair Sinclair and Mark Jerrum},
title={Approximate Counting, Uniform Generation and Rapidly Mixing
{Markov} Chains},
pages={93--133},
journal=iandcomp,
month=jul,
year=1989,
volume=82,
number=1
}

                             August 1989
                         Volume 82, Number 2

@Article{BertoniMS89,
author={A. Bertoni and G. Mauri and N. Sabadini},
title={Membership Problems for Regular and Context-Free Trace
Languages},
pages={135--150},
journal=iandcomp,
month=aug,
year=1989,
volume=82,
number=2
}

@Article{MontenyohlW89,
author={Margaret Montenyohl and Mitchell Wand},
title={Incorporating Static Analysis in a Combinator-Based Compiler},
pages={151--184},
journal=iandcomp,
month=aug,
year=1989,
volume=82,
number=2
}

@Article{MoranB89,
author={L{\'a}szl{\'o} Babai and Shlomo Moran},
title={Proving Properties of Interactive Proofs by a Generalized
Counting Technique},
pages={185--197},
journal=iandcomp,
month=aug,
year=1989,
volume=82,
number=2
}

@Article{AndreD89,
author={Andr\'{e} Arnold and Anne Dicky},
title={An Algebraic Characterization of Transition System
Equivalences},
pages={198--229},
journal=iandcomp,
month=aug,
year=1989,
volume=82,
number=2
}

                            September 1989
                         Volume 82, Number 2

@Article{EhrenfeuchtH89,
author={Andrzej Ehrenfeucht and David Haussler},
title={Learning Decision Trees from Random Examples},
pages={231--246},
journal=iandcomp,
month=sep,
year=1989,
volume=82,
number=3
}

@Article{EhrenfeuchtHKV89,
author={Andrzej Ehrenfeucht and David Haussler and Michael Kearns and
Leslie Valiant},
title={A General Lower Bound on the Number of Examples Needed for
Learning},
pages={247--261},
journal=iandcomp,
month=sep,
year=1989,
volume=82,
number=3
}

@Article{AndersonMW89,
author={Richard J. Anderson and Ernst W. Mayr and Manfred K. Warmuth},
title={Parallel Approximation Algorithms for Bin Packing},
pages={262--277},
journal=iandcomp,
month=sep,
year=1989,
volume=82,
number=3
}

@Article{StompRG89,
author={F. A. Stomp and W. P. de Roever and R. T. Gerth},
title={The $\upsilon$ Calculus as an Assertion-Language for Fairness
Arguments},
pages={278--322},
journal=iandcomp,
month=sep,
year=1989,
volume=82,
number=3
}

@Article{FreivaldsSV89,
author={R{\=u}si{\c n}{\v s} Freivalds and Carl H. Smith and Mahendran
Velauthapillai},
title={Trade-Off among Parameters Effecting Inductive Inference},
pages={323--349},
journal=iandcomp,
month=sep,
year=1989,
volume=82,
number=3
}

@Article{AfratiPP89,
title={Corrigendum: The Complexity of Cubical Graphs},
author={Foto Afrati and Christos H. Papadimitriou and George
Papageorgiou},
pages={350--353},
journal=iandcomp,
month=sep,
year=1989,
volume=82,
number=3
}

Author Index for Volume 82 -- page 354

                             October 1989
                         Volume 83, Number 1

@Article{Turner89,
author={Jonathan S. Turner},
title={Approximation Algorithms for the Shortest Common Superstring
Problem},
pages={1--20},
journal=iandcomp,
month=oct,
year=1989,
volume=83,
number=1
}

@Article{ItohT89,
title={Structure of Parallel Multipliers for a Class of Fields
{$GF(2^{m})$}},
author={Toshiya Itoh and Shigeo Tsujii},
pages={21--40},
journal=iandcomp,
month=oct,
year=1989,
volume=83,
number=1
}

@Article{NivatS89,
author={M. Nivat and A. Saoudi},
title={Automata on Infinite Objects and Their Applications to Logic
and Programming},
pages={41--64},
journal=iandcomp,
month=oct,
year=1989,
volume=83,
number=1
}

@Article{VoigtW89,
author={Bernd Voigt and Ingo Wegener},
title={Minimal Polynomials for the Conjunction of Functions on Disjoint
Variables Can Be Very Simple},
pages={65--79},
journal=iandcomp,
month=oct,
year=1989,
volume=83,
number=1
}

@Article{AhlswedeZ89,
author={R. Ahlswede and Z. Zhang},
title={Coding for Write-Efficient Memory},
pages={80--97},
journal=iandcomp,
month=oct,
year=1989,
volume=83,
number=1
}

@Article{YapABO89,
author={Alok Aggarwal and Heather Booth and Joseph O'Rourke and
Subhash Suri and Chee K. Yap},
title={Finding Minimal Convex Nested Polygons},
pages={98--110},
journal=iandcomp,
month=oct,
year=1989,
volume=83,
number=1
}

@Article{Estivill-castroW89,
author={Vladimir Estivill-Castro and Derick Wood},
title={A New Measure of Presortedness},
pages={111--119},
journal=iandcomp,
month=oct,
year=1989,
volume=83,
number=1
}

                            November 1989
                         Volume 83, Number 2

@Article{ImmermanK89,
author={Neil Immerman and Dexter Kozen},
title={Definability with Bounded Number of Bound Variables},
pages={121--139},
journal=iandcomp,
month=nov,
year=1989,
volume=83,
number=2
}

@Article{ArnoldB89,
title={Optimal Word Chains for the {T}hue-{M}orse Word},
author={A. Arnold and S. Brlek},
pages={140--151},
journal=iandcomp,
month=nov,
year=1989,
volume=83,
number=2
}

@Article{RuttenDAK89,
author={Pierre America and Jaco de Bakker and Joost N. Kok and Jan
Rutten},
title={Denotational Semantics of a Parallel Object-Oriented Language},
pages={152--205},
journal=iandcomp,
month=nov,
year=1989,
volume=83,
number=2
}

@Article{SmidOB89,
title={Maintaining Multiple Representations of Dynamic Data
Structures},
author={Michiel H. M. Smid and Mark H. Overmars and Leen Torenvliet and
Peter {van Emde Boas}},
pages={206--233},
journal=iandcomp,
month=nov,
year=1989,
volume=83,
number=2
}

@Article{YeshaFLR89,
title={On the Power of Concurrent-Write {PRAM}s With Read-Only
Memory},
author={F. E. Fich and M. Li and P. Ragde and Y. Yesha},
pages={234--244},
journal=iandcomp,
month=nov,
year=1989,
volume=83,
number=2
}

@Article{ChoG89,
author={Yongkyun Cho and Seymour Ginsburg},
title={Decision Problems of Object histories},
pages={245--263},
journal=iandcomp,
month=nov,
year=1989,
volume=83,
number=2
}

                            December 1989
                         Volume 83, Number 3

@Article{GermanCH89,
author={Steven M. German and Edmund M. Clarke and Joseph Y. Halpern},
title={Reasoning about Procedures as Parameters in the Language {L4}},
pages={265--359},
journal=iandcomp,
month=dec,
year=1989,
volume=83,
number=3
}

Author Index for Volume 83 -- pages 360-361

Cumulative Subject Index for Volumes 80-83 -- pages 362-367

                             January 1990
                         Volume 84, Number 1

@Article{GeorgakopoulosK90,
author={George Georgakopoulos and Dimitris Kavadias},
title={The Banker's Problem with Precedences},
pages={1--12},
journal=iandcomp,
month=jan,
year=1990,
volume=84,
number=1
}

@Article{Khuller90,
author={Samir Khuller},
title={Extending Planar Graph Algorithms to {$K_{3,3}$}-Free Graphs},
pages={13--25},
journal=iandcomp,
month=jan,
year=1990,
volume=84,
number=1
}

@Article{Spreen90,
author={Dieter Spreen},
title={Computable One-to-One Enumerations of Effective Domains},
pages={26--46},
journal=iandcomp,
month=jan,
year=1990,
volume=84,
number=1
}

@Article{LazrekLT90,
author={Azeddine Lazrek and Pierre Lescanne and Jean-Jacques Thiel},
title={Tools for Proving Inductive Equalities, Relative Completeness,
and $\omega$-Completeness},
pages={47--70},
journal=iandcomp,
month=jan,
year=1990,
volume=84,
number=1
}

@Article{Hagerup90,
author={Torben Hagerup},
title={Optimal Parallel Algorithms on Planar Graphs},
pages={71--96},
journal=iandcomp,
month=jan,
year=1990,
volume=84,
number=1
}

@Article{YungALS90,
author={Yehuda Afek and Gad M. Landau and Baruch Schieber and Moti
Yung},
title={The Power of Multimedia: Combining Point-to-Point and
Multiaccess Networks},
pages={97--118},
journal=iandcomp,
month=jan,
year=1990,
volume=84,
number=1
}

@Article{Cai90,
author={{Jin-yi} Cai},
title={A Note on the Determinant and Permanent Problem},
pages={119--127},
journal=iandcomp,
month=jan,
year=1990,
volume=84,
number=1
}

                            February 1990
                         Volume 84, Number 2

@Article{AmericaB90,
author={Pierre America and Frank de Boer},
title={Proving Total Correctness of Recursive Procedures},
pages={129--162},
journal=iandcomp,
month=feb,
year=1990,
volume=84,
number=2
}

@Article{EngelfrietR90,
author={Joost Engelfriet and Grzegorz Rozenberg},
title={A Comparison of Boundary Graph Grammars and Context-Free
Hypergraph Grammars},
pages={163--206},
journal=iandcomp,
month=feb,
year=1990,
volume=84,
number=2
}

@Article{Sakata90,
author={Shojiro Sakata},
title={Extension of the {B}erlekamp-{M}assey Algorithm to {$N$}
Dimensions},
pages={207--239},
journal=iandcomp,
month=feb,
year=1990,
volume=84,
number=2
}

Author Index for Volume 84 -- page 240

                              March 1990
                         Volume 85, Number 1

@Article{Fulk90,
author={Mark A. Fulk},
title={Prudence and Other Conditions on Formal Language Learning},
pages={1--11},
journal=iandcomp,
month=mar,
year=1990,
volume=85,
number=1
}

@Article{Courcelle90,
author={Bruno Courcelle},
title={The Monadic Second-Order Logic of Graphs. {I}.  {R}ecognizable
Sets of Finite Graphs},
pages={12--75},
journal=iandcomp,
month=mar,
year=1990,
volume=85,
number=1
}

@Article{BruceMM90,
title={The Semantics of Second-Order Lambda Calculus},
author={Kim B. Bruce and Albert R. Meyer and John C. Mitchell},
pages={76--134},
journal=iandcomp,
month=mar,
year=1990,
volume=85,
number=1
}

                              April 1990
                         Volume 85, Number 2

@Article{Tennent90,
author={Robert Tennent},
title={Semantical Analysis of Specification Logic},
pages={135--162},
journal=iandcomp,
month=apr,
year=1990,
volume=85,
number=2
}

@Article{Meinel90,
author={Christoph Meinel},
title={Polynomial Size {$\Omega$}-Branching Programs and Their
Computational Power},
pages={163--182},
journal=iandcomp,
month=apr,
year=1990,
volume=85,
number=2
}

@Article{Conner90,
author={Michael Conner},
title={Sequential Machines Realized by Group Representations},
pages={183--201},
journal=iandcomp,
month=apr,
year=1990,
volume=85,
number=2
}

@Article{Walker90,
title={Bisimulation and Divergence},
author={D. J. Walker},
pages={202--241},
journal=iandcomp,
month=apr,
year=1990,
volume=85,
number=2
}

Author Index for Volume 85 -- page 242

                               May 1990
                         Volume 86, Number 1

@Article{ChangFD90,
author={Chien-I Chang and Simon C. Fan and Lee D. Davisson},
title={On Numerical Methods of Calculating the Capacity of
Continuous-Input Discrete-Output Memoryless Channels},
pages={1--13},
journal=iandcomp,
month=may,
year=1990,
volume=86,
number=1
}

@Article{KapurNO90,
author={Deepak Kapur and Paliath Narendran and Friedrich Otto},
title={On Ground-Confluence of Term Rewriting Systems},
pages={14--31},
journal=iandcomp,
month=may,
year=1990,
volume=86,
number=1
}

@Article{AshHP90,
author={C. J. Ash and T. E. Hall and J. E. Pin},
title={On the Varieties of Languages Associated with Some Varieties of
Finite Monoids with Commuting Idempotents},
pages={32--42},
journal=iandcomp,
month=may,
year=1990,
volume=86,
number=1
}

@Article{KanellakisS90,
author={Paris C. Kanellakis and Scott A. Smolka},
title={{CCS} Expressions, Finite State Processes, and Three Problems
of Equivalence},
pages={43--68},
journal=iandcomp,
month=may,
year=1990,
volume=86,
number=1
}

@Article{StrothotteS90,
author={J{\"o}rg-R{\"u}diger Sack and Thomas Strothotte},
title={A Characterization of Heaps and Its Applications},
pages={69--86},
journal=iandcomp,
month=may,
year=1990,
volume=86,
number=1
}

@Article{Bodlaender90,
author={Hans L. Bodlaender},
title={The Complexity of Finding Uniform Emulations on Paths and Ring
Networks},
pages={87--106},
journal=iandcomp,
month=may,
year=1990,
volume=86,
number=1
}

@Article{Litow90,
title={Parallel Complexity of the Regular Code Problem},
author={Bruce E. Litow},
pages={107--114},
journal=iandcomp,
month=may,
year=1990,
volume=86,
number=1
}

                              June 1990
                         Volume 86, Number 2

@Article{Asperti90,
title={Stability and Computability in Coherent Domains},
author={Andrea Asperti},
pages={115--139},
journal=iandcomp,
month=jun,
year=1990,
volume=86,
number=2
}

@Article{Frederickson90,
title={A Distributed Shortest Path Algorithm for a Planar Network},
author={Greg N. Frederickson},
pages={140--159},
journal=iandcomp,
month=jun,
year=1990,
volume=86,
number=2
}

@Article{AllenderW90,
title={Kolmogorov Complexity and Degrees of Tally Sets},
author={Eric Allender and Osamu Watanabe},
pages={160--178},
journal=iandcomp,
month=jun,
year=1990,
volume=86,
number=2
}

@Article{GoldstineKW90,
title={On Measuring Nondeterminism in Regular Languages},
author={Jonathan Goldstine and C. M. R. Kintala and Detlef Wotschke},
pages={179--194},
journal=iandcomp,
month=jun,
year=1990,
volume=86,
number=2
}

@Article{,
title={A Complete Rewriting System for a Monoid of Tree Transformation
Classes},
author={Z. F{\"u}l{\"o}p and S. V{\'a}gv{\"o}lgyi},
pages={195--212},
journal=iandcomp,
month=jun,
year=1990,
volume=86,
number=2
}

Author Index for Volume 86 -- page 213

                           July/August 1990
                        Volume 87, Numbers 1/2

                    Special Issue: Selections from
           1988 IEEE Symposium on Logic in Computer Science

@Article{Gurevich90,
title={Preface},
author={Yuri Gurevich},
pages={1},
journal=iandcomp,
month=jul # "/" # aug,
year=1990,
volume=87,
number={1/2}
}

@Article{Winskel90,
title={A Compositional Proof System on a Category of Labelled
Transition Systems},
author={Glynn Winskel},
pages={2--57},
journal=iandcomp,
month=jul # "/" # aug,
year=1990,
volume=87,
number={1/2}
}

@Article{CleavelandH90,
title={Priorities in Process Algebras},
author={Rance Cleaveland and Matthew Hennessy},
pages={58--77},
journal=iandcomp,
month=jul # "/" # aug,
year=1990,
volume=87,
number={1/2}
}

@Article{FaginHM90,
title={A Logic for Reasoning about Probabilities},
author={Ronald Fagin and Joseph Y. Halpern and Nimrod Megiddo},
pages={78--128},
journal=iandcomp,
month=jul # "/" # aug,
year=1990,
volume=87,
number={1/2}
}

@Article{GallierNPS90,
title={Rigid {$E$}-Unification: {NP}-Completeness and Applications to
Equational Matings},
author={Jean Gallier and Paliath Narendran and David Plaisted and
Wayne Snyder},
pages={129--195},
journal=iandcomp,
month=jul # "/" # aug,
year=1990,
volume=87,
number={1/2}
}

@Article{BruceL90,
title={A Modest Model of Records, Inheritance and Bounded
Quantification},
author={Kim B. Bruce and Giuseppe Longo},
pages={196--239},
journal=iandcomp,
month=jul # "/" # aug,
year=1990,
volume=87,
number={1/2}
}


@Article{ComptonL90,
title={An Algebra and a Logic for {$NC^{1}$}},
author={Kevin J. Compton and Claude Laflamme},
pages={240--262},
journal=iandcomp,
month=jul # "/" # aug,
year=1990,
volume=87,
number={1/2}
}

@Article{Bloom90,
title={Can {LCF} be Topped?  {F}lat Lattice Models of Typed
$\lambda$-Calculus},
author={Bard Bloom},
pages={263--300},
journal=iandcomp,
month=jul # "/" # aug,
year=1990,
volume=87,
number={1/2}
}

@Article{KolaitisV90,
title={0--1 Laws and Decision Problems for Fragments of Second-Order
Logic},
author={Phokion Kolaitis and Moshe Vardi},
pages={301--337},
journal=iandcomp,
month=jul # "/" # aug,
year=1990,
volume=87,
number={1/2}
}

Author Index for Volume 87 -- page 338

                            September 1990
                         Volume 88, Number 1

@Article{KalyanasundaramS90,
title={Rounds Versus Time for the Two Person Pebble Game},
author={Bala Kalyanasundaram and Georg Schnitger},
pages={1--17},
journal=iandcomp,
month=sep,
year=1990,
volume=88,
number=1
}

@Article{PelletierS90,
title={Easy Multiplications {II}.  Extensions of Rational Semigroups},
author={Maryse Pelletier and Jacques Sakarovitch},
pages={18--59},
journal=iandcomp,
month=sep,
year=1990,
volume=88,
number=1
}

@Article{ItaiR90,
title={Symmetry breaking in distributed networks},
author={Alon Itai and Michael Rodeh},
pages={60--87},
journal=iandcomp,
month=sep,
year=1990,
volume=88,
number=1
}

@Article{PaturiSSN90,
title={Milking the Aanderaa Argument},
author={Ramamohan Paturi and Joel I. Seiferas and Janos Simon and
Richard E. Newman-Wolfe},
pages={88--104},
journal=iandcomp,
month=sep,
year=1990,
volume=88,
number=1
}

                             October 1990
                         Volume 88, Number 2

@Article{MeseguerM90,
title={Petri Nets Are Monoids},
author={Jos{\'e} Meseguer and Ugo Montanari},
pages={105--155},
journal=iandcomp,
month=oct,
year=1990,
volume=88,
number=2
}

@Article{DworkM90,
title={Knowledge and Common Knowledge in a {B}yzantine Environment:
Crash Failures},
author={Cynthia Dwork and Yoram Moses},
pages={156--186},
journal=iandcomp,
month=oct,
year=1990,
volume=88,
number=2
}

@Article{DauchetHLT90,
title={Decidability of the Confluence of Finite Ground Term Rewrite
Systems and of Other Related Term Rewrite Systems},
author={Max Dauchet and Thierry Heuillard and Pierre Lescanne and
Sophie Tison},
pages={187--201},
journal=iandcomp,
month=oct,
year=1990,
volume=88,
number=2
}

Author Index for Volume 88 -- page 202

                            November 1990
                         Volume 89, Number 1

@Article{Tofte90,
title={Type Inference for Polymorphic References},
author={Mads Tofte},
pages={1--34},
journal=iandcomp,
month=nov,
year=1990,
volume=89,
number=1
}

@Article{Zaionc,
title={A Characterezation of Lambda Definable Tree Operations},
author={Marek Zaionc},
pages={35--46},
journal=iandcomp,
month=nov,
year=1990,
volume=89,
number=1
}

@Article{AhlswedeYZ90,
title={Creating Order in Sequence Spaces with Simple Machines},
author={Rudolf Ahlswede and Jian-ping Ye and Zhen Zhang},
pages={47--94},
journal=iandcomp,
month=nov,
year=1990,
volume=89,
number=1
}

                            December 1990
                         Volume 89, Number 2

@Article{Leivant90,
title={Inductive Definitions Over Finite Structures},
author={Daniel Leivant},
pages={95--108},
journal=iandcomp,
month=dec,
year=1990,
volume=89,
number=2
}

@Article{BarringtonST90,
title={Non-Uniform Automata Over Groups},
author={David A. Mix Barrington and Howard Straubing and Denis
Th{\'e}rien},
pages={109--132},
journal=iandcomp,
month=dec,
year=1990,
volume=89,
number=2
}

@Article{Chlebus90,
title={Turing Machines With Access to History},
author={Bogdan S. Chlebus},
pages={133--143},
journal=iandcomp,
month=dec,
year=1990,
volume=89,
number=2
}

@Article{Finkel90,
title={Reduction and covering of infinite reachability trees},
author={Alain Finkel},
pages={144--179},
journal=iandcomp,
month=dec,
year=1990,
volume=89,
number=2
}

@Article{LiuWZ90,
title={Efficient Solution to Some Problems in Free Partially
Commutative Monoids},
author={Hai-Ning Liu and C. Wrathall and Kenneth Zeger},
pages={180--198},
journal=iandcomp,
month=dec,
year=1990,
volume=89,
number=2
}

Author Index for Volume 89 -- page 199

Cumulative Subject Index for Volumes 84--89 -- pages 200--205

                             January 1991
                         Volume 90, Number 1

@Article{BohmT91,
title={About Systems of Equations, $X$-Separability, and
Left-Invertibility in the $\lambda$-Calculus},
author={Corrado B{\"o}hm and Enrico Tronci},
pages={1--32},
journal=iandcomp,
month=jan,
year=1991,
volume=90,
number=1
}

@Article{LinialMR91,
title={Results on Learnability and the Vapnik-Chervonenkis Dimension},
author={Nathan Linial and Yishay Mansour and Ronald L. Rivest},
pages={33--49},
journal=iandcomp,
month=jan,
year=1991,
volume=90,
number=1
}

@Article{Kolaitis91,
title={The Expressive Power of Stratified Programs},
author={Phokion G. Kolaitis},
pages={50--66},
journal=iandcomp,
month=jan,
year=1991,
volume=90,
number=1
}

@Article{Huynh91,
title={Effective Entropies and Data Compression},
author={Doug T. Huynh},
pages={67--85},
journal=iandcomp,
month=jan,
year=1991,
volume=90,
number=1
}

@Article{IbarraJCR91,
title={Some Classes of Languages in $\rm NC^1$},
author={Oscar H. Ibarra and Tao Jiang and Jik H. Chang and Bala
Ravikumar},
pages={86--106},
journal=iandcomp,
month=jan,
year=1991,
volume=90,
number=1
}

@Article{Luo91,
title={A Higher-Order Calculus and Theory Abstraction},
author={Zhaohui Luo},
pages={107--137},
journal=iandcomp,
month=jan,
year=1991,
volume=90,
number=1
}

                            February 1991
                         Volume 90, Number 2

@Article{Bach91,
title={Toward A Theory of Pollard's Rho Method},
author={Eric Bach},
pages={139--155},
journal=iandcomp,
month=feb,
year=1991,
volume=90,
number=2
}

@Article{Ko91,
title={Separating the Low and High Hierarchies by Oracles},
author={Ker-I Ko},
pages={156--177},
journal=iandcomp,
month=feb,
year=1991,
volume=90,
number=2
}

@Article{McCollPB91,
title={Planar Acyclic Computation},
author={W. F. McColl and M. S. Paterson and B. H. Bowditch},
pages={178--193},
journal=iandcomp,
month=feb,
year=1991,
volume=90,
number=2
}

@Article{Dybjer91,
title={Inverse Image Analysis Generalises Strictness Analysis},
author={Peter Dybjer},
pages={194--216},
journal=iandcomp,
month=feb,
year=1991,
volume=90,
number=2
}

@Article{CederbaumZ91,
title={Towards a Foundation for Semantics in Complete Metric Spaces},
author={Mila E. Majster-Cederbaum and F. Zetzsche},
pages={217--243},
journal=iandcomp,
month=feb,
year=1991,
volume=90,
number=2
}

Author Index for Volume 90 -- page 244

                              March 1991
                         Volume 91, Number 1

@Article{Krause91,
title={Lower Bounds for Depth-Restricted Branching Programs},
author={Matthias Krause},
pages={1--14},
journal=iandcomp,
month=feb,
year=1991,
volume=90,
number=2
}

@Article{BidoitF91,
title={General Logical Databases and Programs: Default Logic Semantics
and Stratification},
author={Nicole Bidoit and Christine Froidevaux},
pages={15--54},
journal=iandcomp,
month=feb,
year=1991,
volume=90,
number=2
}

@Article{Amadio91,
title={Recursion over Realizability Structures},
author={Roberto M. Amadio},
pages={55--85},
journal=iandcomp,
month=feb,
year=1991,
volume=90,
number=2
}

@Article{BussH91,
title={On Truth-Table Reducibility to SAT},
author={Samuel R. Buss and Louise Hay},
pages={86--102},
journal=iandcomp,
month=feb,
year=1991,
volume=90,
number=2
}

@Article{PruhsM91,
title={The Complexity of Controlled Selection},
author={Kirk Pruhs and Udi Manber},
pages={103--127},
journal=iandcomp,
month=feb,
year=1991,
volume=90,
number=2
}

@Article{GeigerPP91,
title={Axioms and Algorithms for Inferences Involving Probabilistic
Independence},
author={Dan Geiger and Azaria Paz and Judea Pearl},
pages={128--141},
journal=iandcomp,
month=feb,
year=1991,
volume=90,
number=2
}

@Article{GathenS91,
title={Boolean Circuits Versus Arithmetic Circuits},
author={Joachim von zur Gathen and Gadiel Seroussi},
pages={142--154},
journal=iandcomp,
month=feb,
year=1991,
volume=90,
number=2
}

                              April 1991
                         Volume 91, Number 2

@Article{GopalakrishnanRK91,
title={Approximate Algorithms for the Knapsack Problem on Parallel
Computers},
author={P. S. Gopalakrishnan and I. V. Ramakrishnan and L. N. Kanal},
pages={155--171},
journal=iandcomp,
month=apr,
year=1991,
volume=91,
number=2
}

@Article{Ronyai91,
title={Computing the Order of Centralizers in Linear Groups},
author={Lajos R{\'o}nyai},
pages={172--176},
journal=iandcomp,
month=apr,
year=1991,
volume=91,
number=2
}

@Article{ChrobakKR91,
title={Connectivity vs. Reachability},
author={M. Chrobak and H. Karloff and T. Radzik},
pages={177--188},
journal=iandcomp,
month=apr,
year=1991,
volume=91,
number=2
}

@Article{Bruijn91,
title={Telescopic Mappings in Typed Lambda Calculus},
author={N. G. de Bruijn},
pages={189--204},
journal=iandcomp,
month=apr,
year=1991,
volume=91,
number=2
}

@Article{CoanD91,
title={Simultaneity Is Harder than Agreement},
author={Brian A. Coan and Cynthia Dwork},
pages={205--231},
journal=iandcomp,
month=apr,
year=1991,
volume=91,
number=2
}

@Article{LarsenW91,
title={Using Information Systems to Solve Recursive Domain Equations},
author={Kim Guldstrand Larsen and Glynn Winskel},
pages={232--258},
journal=iandcomp,
month=apr,
year=1991,
volume=91,
number=2
}

@Article{Bellatoni91,
title={Parallel Random Access Machines with Bounded Memory Wordsize},
author={Stephen J. Bellatoni},
pages={259--273},
journal=iandcomp,
month=apr,
year=1991,
volume=91,
number=2
}

Author Index for Volume 91 -- page 274

                               May 1991
                         Volume 92, Number 1

@Article{ColeV91,
title={Approximate Parallel Scheduling. II. Applications to
Logarithmic-Time Optimal Parallel Graph Algorithms},
author={Richard Cole and Uzi Vishkin},
pages={1--47},
journal=iandcomp,
month=may,
year=1991,
volume=92,
number=1
}

@Article{CardoneC91,
title={Type Inference with Recursive Types: Syntax and Semantics},
author={Felice Cardone and Mario Coppo},
pages={48--80},
journal=iandcomp,
month=may,
year=1991,
volume=92,
number=1
}

@Article{HornickP91,
title={Deterministic {P-RAM} Simulation with Constant Redundancy},
author={Scot W. Hornick and Franco P. Preparata},
pages={81--96},
journal=iandcomp,
month=may,
year=1991,
volume=92,
number=1
}

@Article{GeskeHS91,
title={A Note on Almost-Everywhere-Complex Sets and Separating
Deterministic-Time-Complexity Classes},
author={John G. Geske and Dung T. Huynh and Joel I. Seiferas},
pages={97--104},
journal=iandcomp,
month=may,
year=1991,
volume=92,
number=1
}

@Article{Avron91,
title={Simple Consequence Relations},
author={Arnon Avron},
pages={105--140},
journal=iandcomp,
month=may,
year=1991,
volume=92,
number=1
}

                              June 1991
                         Volume 92, Number 2

@Article{CuntoGMP91,
title={Fringe Analysis for Extquick: An {\em in Situ} Distributive
External Sorting Algorithm},
author={Walter Cunto and Gast{\'o}n H. Gonnet and J. Ian Munro and
Patricio V. Poblete},
pages={141--160},
journal=iandcomp,
month=jun,
year=1991,
volume=92,
number=2
}

@Article{Abramsky91,
title={A Domain Equation for Bisimulation},
author={Samson Abramsky},
pages={161--218},
journal=iandcomp,
month=jun,
year=1991,
volume=92,
number=2
}

@Article{DuLY91,
title={Scheduling Chain-Structured Tasks to Minimize Makespan and Mean
Flow Time},
author={Jianzhong Du and Joseph Y-T. Leung and Gilbert H. Young},
pages={219--236},
journal=iandcomp,
month=jun,
year=1991,
volume=92,
number=2
}

@Article{Venkateswaran91,
title={Two Dynamic Programming Algorithms for Which Intepreted
Pebbling Helps},
author={H. Venkateswaran},
pages={237--252},
journal=iandcomp,
month=jun,
year=1991,
volume=92,
number=2
}

@Article{KinberZ91,
title={One-Sided Error Probabilistic Inductive Inference and Reliable
Frequency Identification},
author={Efim Kinber and Thomas Zeugmann},
pages={253--284},
journal=iandcomp,
month=jun,
year=1991,
volume=92,
number=2
}

Author Index for Volume 92 -- page 285

                              July 1991
                         Volume 93, Number 1

                    Special Issue: Selections from
           1989 IEEE Symposium on Logic in Computer Science

@Article{Wand91,
title={Type Inference for Record Concatenation and Multiple
Inheritance},
author={Mitchell Wand},
pages={1--15},
journal=iandcomp,
month=jul,
year=1991,
volume=93,
number=1
}

@Article{MisloveMO91,
title={Non-Well-Founded Sets Modeled as Ideal Fixed Points},
author={Michael W. Mislove and Lawrence S. Moss and Frank J. Oles},
pages={16--54},
journal=iandcomp,
month=jul,
year=1991,
volume=93,
number=1
}

@Article{Moggi91,
title={Notions of Computation and Monads},
author={Eugenio Moggi},
pages={55--92},
journal=iandcomp,
month=jul,
year=1991,
volume=93,
number=1
}

@Article{Leivant91,
title={Finitely Stratified Polymorphism},
author={Daniel Leivant},
pages={93--113},
journal=iandcomp,
month=jul,
year=1991,
volume=93,
number=1
}

@Article{Moschovakis91,
title={A Model of Concurrency with Fair Merge and Full Recursion},
author={Yiannis N. Moschovakis},
pages={114--171},
journal=iandcomp,
month=jul,
year=1991,
volume=93,
number=1
}

@Article{Breazu-TannenCGS91,
title={Inheritance as Implicit Coercion},
author={Val Breazu-Tannen and Thierry Coquand and Carl A. Gunter and
Andre Scedrov},
pages={172--221},
journal=iandcomp,
month=jul,
year=1991,
volume=93,
number=1
}

                             August 1991
                         Volume 93, Number 2

@Article{AielloH91,
title={Relativized Perfect Zero Knowledge Is Not {BPP}},
author={William Aiello and Johan Hastad},
pages={223--240},
journal=iandcomp,
month=aug,
year=1991,
volume=93,
number=2
}

@Article{CrescenziP91,
title={Completeness in Approximation Classes},
author={Pierluigi Crescenzi and Alessandro Panconesi},
pages={241--262},
journal=iandcomp,
month=aug,
year=1991,
volume=93,
number=2
}

@Article{PassayT91,
title={An Essay in Combinatory Dynamic Logic},
author={Solomon Passay and Tinko Tinchev},
pages={263--332},
journal=iandcomp,
month=aug,
year=1991,
volume=93,
number=2
}

@Article{Hoover91,
title={Real Functions, Contraction Mappings and ${P}$-Completeness},
author={H. James Hoover},
pages={333--349},
journal=iandcomp,
month=aug,
year=1991,
volume=93,
number=2
}

Author Index for Volume 93 -- page 350

                            September 1991
                         Volume 94, Number 1

@Article{LarsenS91,
title={Bisimulation through Probabilistic Testing},
author={Kim G. Larsen and Arne Skou},
pages={1--28},
journal=iandcomp,
month=sep,
year=1991,
volume=94,
number=1
}

@Article{BhattDHPRS91,
title={Improved Deterministic Parallel Integer Sorting},
author={P. C. P. Bhatt and K. Diks and T. Hagerup and V. C. Prasad and
T. Radzik and S. Saxena},
pages={29--47},
journal=iandcomp,
month=sep,
year=1991,
volume=94,
number=1
}

@Article{Droste91,
title={Universal Homogeneous Event Structures and Domains},
author={Manfred Droste},
pages={48--61},
journal=iandcomp,
month=sep,
year=1991,
volume=94,
number=1
}

@Article{Gradel91,
title={Simple Sentences That Are Hard to Decide},
author={Erich Gr{\"a}del},
pages={62--82},
journal=iandcomp,
month=sep,
year=1991,
volume=94,
number=1
}

@Article{LubiwR91,
title={A Lower Bound for the Integer Element Distinctiveness Problem},
author={Anna Lubiw and Andr{\'a}s R{\'a}cz},
pages={83--92},
journal=iandcomp,
month=sep,
year=1991,
volume=94,
number=1
}

@Article{Wanke91,
title={Algorithms for Graph Problems on {BNLC} Structured Graphs},
author={Egon Wanke},
pages={93--122},
journal=iandcomp,
month=sep,
year=1991,
volume=94,
number=1
}

                             October 1991
                         Volume 94, Number 2

@Article{Bakker91,
title={Comparative Semantics for Flow of Control in Logic Programming
without Logic},
author={J. W. de Bakker},
pages={123--179},
journal=iandcomp,
month=oct,
year=1991,
volume=94,
number=2
}

@Article{TiomkinM91,
title={Decidability of Finite Probablistic Propositional Dynamic
Logics},
author={M.L. Tiomkin and J.A. Makowsky},
pages={180-203},
journal=iandcomp,
month=oct,
year=1991,
volume=94,
number=2
}

@Article{Berardi91,
title={Retractions on dI--domains as a model for Type:Type},
author={Stefano Berardi},
pages={204--231},
journal=iandcomp,
month=oct,
year=1991,
volume=94,
number=2
}

@Article{WaackK91,
title={On Oblivious Branching Programs of Linear Length},
author={Stephan Waack and Matthias Krause},
pages={232--249},
journal=iandcomp,
month=oct,
year=1991,
volume=94,
number=2
}

Author Index for Volume 94 -- page 250

                            November 1991
                         Volume 95, Number 1

@Article{Bar-NoyDKP91,
title={Fault-Tolerant Critical Section Management in Asynchronous
Environments},
author={Amotz Bar-Noy and Danny Dolev and Daphne Koller and David
Peleg},
pages={1--20},
journal=iandcomp,
month=nov,
year=1991,
volume=95,
number=1
}

@Article{Engelfriet91,
title={Iterated Stack Automata and Complexity Classes},
author={Joost Engelfriet},
pages={21--75},
journal=iandcomp,
month=nov,
year=1991,
volume=95,
number=1
}

@Article{ApostolicoC91,
title={Optimal Canonization of All Substrings of a String},
author={A. Apostolico and M. Crochemore},
pages={76--95},
journal=iandcomp,
month=nov,
year=1991,
volume=95,
number=1
}

@Article{BarringtonM91,
title={Oracle branching programs and {L}ogspace versus {P}},
author={David A. Mix Barrington and Pierre McKenzie},
pages={96--115},
journal=iandcomp,
month=nov,
year=1991,
volume=95,
number=1
}

                            December 1991
                         Volume 95, Number 2

@Article{Hromkovic91,
title={Nonlinear Lower Bounds on the Number of Processors of Circuits
with Sublinear Separators},
author={Juraj Hromkovi{\v{c}}},
pages={117--128},
journal=iandcomp,
month=dec,
year=1991,
volume=95,
number=2
}

@Article{HausslerKLW91,
title={Equivalence of Models for Polynomial Learnability},
author={David Haussler and Michael Kearns and Nick Littlestone and
Manfred K. Warmuth},
pages={129--161},
journal=iandcomp,
month=dec,
year=1991,
volume=95,
number=2
}

@Article{JainS91,
title={Learning in the Presence of Partial Explanations},
author={Sanjay Jain and Arun Sharma},
pages={162--191},
journal=iandcomp,
month=dec,
year=1991,
volume=95,
number=2
}

@Article{Ponse91,
title={Process Expressions and Hoare's Logic: Showing an
Irreconcilability of Context-Free Recursion with Scott's Induction
Rule},
author={Alban Ponse},
pages={192--217},
journal=iandcomp,
month=dec,
year=1991,
volume=95,
number=2
}

@Article{MaheshPS91,
title={On Finding the Minimum Bandwidth of Interval Graphs},
author={R. Mahesh and C. Pandu Rangan and Aravind Srinivasan},
pages={218--224},
journal=iandcomp,
month=dec,
year=1991,
volume=95,
number=2
}

@Article{Colussi91,
title={Correctness and Efficiency of the Pattern Matching Algorithms},
author={Livio Colussi},
pages={225--251},
journal=iandcomp,
month=dec,
year=1991,
volume=95,
number=2
}

Author Index for Volume 95 -- page 252

Cumulative Subject Index for Volumes 90--95 -- pages 253--259

                             January 1992
                         Volume 96, Number 1


@Article{FischerGGL92,
title={Optimal Placement of Identical Resources in a Tree},
author={Michael J. Fischer and Nancy D. Griffeth and Leonidas Guibas
and Nancy A. Lynch},
pages={1--54},
journal=iandcomp,
month=jan,
year=1992,
volume=96,
number=1
}

@Article{BuchananM92,
title={Retrograde Codes and Bounded Synchronization Delay},
author={Hollie L. Buchanan and Michael E. Mays},
pages={55--64},
journal=iandcomp,
month=jan,
year=1992,
volume=96,
number=1
}

@Article{Dowd92,
title={Generic Oracles, Uniform Machines, and Codes},
author={Martin Dowd},
pages={65--76},
journal=iandcomp,
month=jan,
year=1992,
volume=96,
number=1
}

@Article{BermanS92,
title={On the Complexity of Approximating the Independent Set Problem},
author={Piotr Berman and Georg Schnitger},
pages={77--94},
journal=iandcomp,
month=jan,
year=1992,
volume=96,
number=1
}

@Article{Zeugmann92,
title={Highly Parallel Computations Modulo a Number Having Only Small
Prime Factors},
author={Thomas Zeugmann},
pages={95--114},
journal=iandcomp,
month=jan,
year=1992,
volume=96,
number=1
}

@Article{Ekman92,
title={A Note on the Characterization of Weak Bisimulation Congruence
in {CCS}},
author={Jan Ekman},
pages={115--118},
journal=iandcomp,
month=jan,
year=1992,
volume=96,
number=1
}

@Article{Yen92,
title={A Unified Approach for Deciding the Existence of Certain
{Petri} Net Paths},
author={Hsu-Chun Yen},
pages={119--137},
journal=iandcomp,
month=jan,
year=1992,
volume=96,
number=1
}

                            February 1992
                         Volume 96, Number 2

@Article{EmdeS92,
title={Aggregating Inductive Expertise on Partial Recursive Functions},
author={Anna-Maria Emde and Britta Schinzel},
pages={139--167},
journal=iandcomp,
month=feb,
year=1992,
volume=96,
number=2
}

@Article{HromkovicKMW92,
title={Branching Programs Provide Lower Bounds on the Areas of
Multilective Deterministic and Nondeterministic {VLSI}-Circuits},
author={Juraj Hromkovi{\v{c}} and Matthias Krause and Christoph Meinel
and Stephan Waack},
pages={168--178},
journal=iandcomp,
month=feb,
year=1992,
volume=96,
number=2
}

@Article{VitterL92,
title={Learning in Parallel},
author={Jeffrey Scott Vitter and Jyh-Han Lin},
pages={179--202},
journal=iandcomp,
month=feb,
year=1992,
volume=96,
number=2
}

@Article{Condon92,
title={The Complexity of Stochastic Games},
author={Anne Condon},
pages={203--224},
journal=iandcomp,
month=feb,
year=1992,
volume=96,
number=2
}

@Article{Stachniak92,
title={Resolution Approximation of First-Order Logics},
author={Zbigniew Stachniak},
pages={225--244},
journal=iandcomp,
month=feb,
year=1992,
volume=96,
number=2
}

@Article{Vovk92,
title={Universal Forecasting Algorithms},
author={V. G. Vovk},
pages={245--277},
journal=iandcomp,
month=feb,
year=1992,
volume=96,
number=2
}

Author Index for Volume 96 -- page 278

                                March 1992
                            Volume 97, Number 1

@Article{ChoH92,
title={The Parallel Complexity of Finite-State Automata Problems},
author={Sang Cho and Dung T. Huynh},
pages={1--22},
journal=iandcomp,
month=mar,
year=1992,
volume=97,
number=1
}

@Article{Sakakibara92,
title={Efficient Learning of Context-Free Grammars from Positive
Structural Examples},
author={Yasubumi Sakakibara},
pages={23--60},
journal=iandcomp,
month=mar,
year=1992,
volume=97,
number=1
}

@Article{CoanW92,
title={Modular Construction of a {Byzantine} Agreement Protocol with
Optimal Message Bit Complexity},
author={Brian A. Coan and Jennifer L. Welch},
pages={61--85},
journal=iandcomp,
month=mar,
year=1992,
volume=97,
number=1
}

@Article{Wegener92,
title={The Worst Case Complexity of {McDiarmid} and {Reed's} Variant
of {BOTTOM-UP HEAPSORT} is less than $n\log n + 1.1n$},
author={Ingo Wegener},
pages={86--96},
journal=iandcomp,
month=mar,
year=1992,
volume=97,
number=1
}

@Article{Bartha92,
title={An Algebraic Model of Synchronous Systems},
author={Mikl{\'o}s Bartha},
pages={97--131},
journal=iandcomp,
month=mar,
year=1992,
volume=97,
number=1
}

                                April 1992
                            Volume 97, Number 2

@Article{Greenlaw92,
title={A Model Classifying Algorithms as Inherently Sequential with
Applications to Graph Searching},
author={Raymond Greenlaw},
pages={133--149},
journal=iandcomp,
month=apr,
year=1992,
volume=97,
number=2
}

@Article{Willard92,
title={A Density Control Algorithm for Doing Insertions and Deletions
in a Sequentially Ordered File in Good Worst-Case Time},
author={Dan E. Willard},
pages={150--204},
journal=iandcomp,
month=apr,
year=1992,
volume=97,
number=2
}

@Article{Bar-NoyDDS92,
title={Shifting Gears: Changing Algorithms on the Fly to Expedite
{Byzantine} Agreement},
author={Amotz Bar-Noy and Danny Dolev and Cynthia Dwork and H. Raymond
Strong},
pages={205--233},
journal=iandcomp,
month=apr,
year=1992,
volume=97,
number=2
}

@Article{Jiang92,
title={The Synchronization of Nonuniform Networks of Finite Automata},
author={Tao Jiang},
pages={234--261},
journal=iandcomp,
month=apr,
year=1992,
volume=97,
number=2
}

@Article{Tung92,
title={Polynomial Time Algorithms for Sentences over Number Fields},
author={Shih Ping Tung},
pages={262--276},
journal=iandcomp,
month=apr,
year=1992,
volume=97,
number=2
}

Author Index for Volume 97 -- page 277

                                 May 1992
                            Volume 98, Number 1


@Article{Regan92,
title={Diagonalization, Uniformity, and Fixed-Point Theorems},
author={Kenneth W. Regan},
pages={1--40},
journal=iandcomp,
month=may,
year=1992,
volume=98,
number=1
}

@Article{Eppstein92,
title={Parallel Recognition of Series-Parallel Graphs},
author={David Eppstein},
pages={41--55},
journal=iandcomp,
month=may,
year=1992,
volume=98,
number=1
}

@Article{Kazakos92,
title={Predictive Analog-to-Digital Conversion for Resistance to Data
Outliers},
author={P. Papantoni-Kazakos and Dimitri Kazakos},
pages={56--98},
journal=iandcomp,
month=may,
year=1992,
volume=98,
number=1
}

@Article{PanangadenS92,
title={The Expressive Power of Indeterminate Dataflow Primitives},
author={Prakash Panangaden and Vasant Shanbhogue},
pages={99--131},
journal=iandcomp,
month=may,
year=1992,
volume=98,
number=1
}

@Article{Wiseman92,
title={New Binary Codes from a Generalization of {Zinoviev's}
Technique},
author={James A. Wiseman},
pages={132--139},
journal=iandcomp,
month=may,
year=1992,
volume=98,
number=1
}

                              June 1992
                         Volume 98, Number 2

                    Special Issue: Selections from
           1990 IEEE Symposium on Logic in Computer Science


@Article{Mitchell92,
title={Preface},
author={John Mitchell},
pages={141},
journal=iandcomp,
month=jun,
year=1992,
volume=98,
number=2
}

@Article{BurchCMDH92,
title={Symbolic Model Checking: $10^{20}$ States and Beyond},
author={J. R. Burch and E. M. Clarke and K. L. McMillan and D. L. Dill
and L. J. Hwang},
pages={142--170},
journal=iandcomp,
month=jun,
year=1992,
volume=98,
number=2
}

@Article{CroleP92,
title={New Foundations for Fixpoint Computations: {FIX}-Hyperdoctrines
and the {FIX}-Logic},
author={Roy L. Crole and Andrew M. Pitts},
pages={171--210},
journal=iandcomp,
month=jun,
year=1992,
volume=98,
number=2
}

@Article{FreydMRS92,
title={Extensional {PER}s},
author={P. Freyd and P. Mulry and G. Rosolini and D. Scott},
pages={211--227},
journal=iandcomp,
month=jun,
year=1992,
volume=98,
number=2
}

@Article{KfouryT92,
title={Type Reconstruction in Finite Rank Fragments of the Second-Order
{$\lambda$}-Calculus},
author={A. J. Kfoury and J. Tiuryn},
pages={228--257},
journal=iandcomp,
month=jun,
year=1992,
volume=98,
number=2
}

@Article{KolaitisV92,
title={Infinitary Logics and 0--1 Laws},
author={Phokion G. Kolaitis and Moshe Y. Vardi},
pages={258--294},
journal=iandcomp,
month=jun,
year=1992,
volume=98,
number=2
}

Author Index for Volume 98 -- page 295

                              July 1992
                         Volume 99, Number 1

@Article{AspertiM92,
title={Categorical Models of Polymorphism},
author={Andrea Asperti and Simone Martini},
pages={1--79},
journal=iandcomp,
month=jul,
year=1992,
volume=99,
number=1
}

@Article{LarsenM92,
title={A Compositional Protocol Verification Using Relativized
Bisimulation},
author={Kim G. Larsen and Robin Milner},
pages={80--108},
journal=iandcomp,
month=jul,
year=1992,
volume=99,
number=1
}

@Article{Robson92,
title={Deterministic Simulation of a Single Tape {Turing} Machine by a
Random Access Machine in Sub-linear Time},
author={J. M. Robson},
pages={109--121},
journal=iandcomp,
month=jul,
year=1992,
volume=99,
number=1
}

                              August 1992
                          Volume 99, Number 2

@Article{FairtloughW92,
title={Ordinal Complexity of Recursive Definitions},
author={M. V. H. Fairtlough and S. S. Wainer},
pages={123--153},
journal=iandcomp,
month=aug,
year=1992,
volume=99,
number=2
}

@Article{Lavalette92,
title={Strictness Analysis via Abstract Interpretation for Recursively
Defined Types},
author={Gerard R. Renardel de Lavalette},
pages={154--177},
journal=iandcomp,
month=aug,
year=1992,
volume=99,
number=2
}

@Article{DarondeauY92,
title={Proof Systems for Infinite Behaviours},
author={Philippe Darondeau and Serge Yoccoz},
pages={178--191},
journal=iandcomp,
month=aug,
year=1992,
volume=99,
number=2
}

@Article{BenvenisteGSS92,
title={A Denotational Theory of Synchronous Reactive Systems},
author={Albert Benveniste and Paul {Le Guernic} and Yves Sorel and
Michel Sorine},
pages={192--230},
journal=iandcomp,
month=aug,
year=1992,
volume=99,
number=2
}

@Article{Ore92,
title={The Extended Calculus of Constructions {(ECC)} with Inductive
Types},
author={Christian-Emil Ore},
pages={231--264},
journal=iandcomp,
month=aug,
year=1992,
volume=99,
number=2
}

Author Index for Volume 99 -- page 265

                            September 1992
                         Volume 100, Number 1

@Article{MilnerPW92a,
title={A Calculus of Mobile Processes, {I}},
author={Robin Milner and Joachim Parrow and David Walker},
pages={1--40},
journal=iandcomp,
month=sep,
year=1992,
volume=100,
number=1
}

@Article{MilnerPW92b,
title={A Calculus of Mobile Processes, {II}},
author={Robin Milner and Joachim Parrow and David Walker},
pages={41--77},
journal=iandcomp,
month=sep,
year=1992,
volume=100,
number=1
}

@Article{Haussler92,
title={Decision Theoretic Generalizations of the {PAC} Model for
Neural Net and Other Learning Applications},
author={David Haussler},
pages={78--150},
journal=iandcomp,
month=sep,
year=1992,
volume=100,
number=1
}

                             October 1992
                         Volume 100, Number 2


@Article{Zhang92,
title={{dI}-Domains as Prime Information Systems},
author={Guo-Qiang Zhang},
pages={151--177},
journal=iandcomp,
month=oct,
year=1992,
volume=100,
number=2
}

@Article{Board92,
title={The Online Graph Bandwidth Problem},
author={Raymond A. Board},
pages={178--201},
journal=iandcomp,
month=oct,
year=1992,
volume=100,
number=2
}

@Article{GrooteV92,
title={Structured Operational Semantics and Bisimulation as a
Congruence},
author={Jan Friso Groote and Frits Vaandrager},
pages={202--260},
journal=iandcomp,
month=oct,
year=1992,
volume=100,
number=2
}

@Article{GoldstineLW92,
title={On the Relation between Ambiguity and Nondeterminism in Finite
Automata},
author={Jonathan Goldstine and Hing Leung and Detlef Wotschke},
pages={261--270},
journal=iandcomp,
month=oct,
year=1992,
volume=100,
number=2
}

Author Index for Volume 100 -- page 271


                             November 1992
                          Volume 101, Number 1


@Article{DahlhausM92,
title={Query Languages for Hierarchic Databases},
author={E. Dahlhaus and J. A. Makowsky},
pages={1--32},
journal=iandcomp,
month=nov,
year=1992,
volume=101,
number=1
}

@Article{VermaR92,
title={Tight Complexity Bounds for Term Matching Problems},
author={Rakesh M. Verma and I. V. Ramakrishnan},
pages={33--69},
journal=iandcomp,
month=nov,
year=1992,
volume=101,
number=1
}

@Article{Stransky92,
title={A Lattice for Abstract Interpretation of Dynamic ({LISP}-Like)
Structures},
author={Jan Stransky},
pages={70--102},
journal=iandcomp,
month=nov,
year=1992,
volume=101,
number=1
}

@Article{Vakarelov92,
title={A Modal Logic for Cyclic Repeating},
author={Dimiter Vakarelov},
pages={103--122},
journal=iandcomp,
month=nov,
year=1992,
volume=101,
number=1
}

@Article{MehlhornPU92,
title={{$k$} versus {$k+1$} Index Registers and Modifiable versus
Non-modifiable Programs},
author={K. Mehlhorn and W. J. Paul and C. Uhrig},
pages={123--129},
journal=iandcomp,
month=nov,
year=1992,
volume=101,
number=1
}

                            December 1992
                         Volume 101, Number 2


@Article{HashiguchiY92,
title={String Matching Problems over Free Partially Commutative
Monoids},
author={Kosaburo Hashiguchi and Kazuya Yamada},
pages={131--149},
journal=iandcomp,
month=dec,
year=1992,
volume=101,
number=2
}

@Article{NgS92,
title={Probabilistic Logic Programming},
author={Raymond Ng and V. S. Subrahmanian},
pages={150--201},
journal=iandcomp,
month=dec,
year=1992,
volume=101,
number=2
}

@Article{Goerdt92,
title={Characterizing Complexity Classes by General Recursive
Definitions in Higher Types},
author={Andreas Goerdt},
pages={202--218},
journal=iandcomp,
month=dec,
year=1992,
volume=101,
number=2
}

@Article{PinST92,
title={Some Results on the Generalized Star-Height Problem},
author={J. E. Pin and H. Straubing and D. Th{\'e}rien},
pages={219--250},
journal=iandcomp,
month=dec,
year=1992,
volume=101,
number=2
}

@Article{Dougherty92,
title={Adding Algebraic Rewriting to the Untyped Lambda Calculus},
author={Daniel J. Dougherty},
pages={251--267},
journal=iandcomp,
month=dec,
year=1992,
volume=101,
number=2
}

Author Index for Volume 101 -- page 268

Cumulative Subject Index, Volume 96-101 -- pages 269-275


                             January 1993
                         Volume 102, Number 1

@Article{BloomET93,
title={Iteration Theories of Synchronization Trees},
author={Stephen L. Bloom and Zolt{\'a}n {\'E}sik and Dirk Taubner},
pages={1--55},
journal=iandcomp,
month=jan,
year=1993,
volume=102,
number=1
}

@Article{ShadeN93,
title={Real-Time Semantics for Shared-Variable Concurrency},
author={Eric Shade and K. T. Narayana},
pages={56--82},
journal=iandcomp,
month=jan,
year=1993,
volume=102,
number=1
}

@Article{KfouryTU93,
title={The Undecidability of the Semi-unification Problem},
author={A. J. Kfoury and J. Tiuryn and P. Urzyczyn},
pages={83--101},
journal=iandcomp,
month=jan,
year=1993,
volume=102,
number=1
}

@Article{BuntrockHS93,
title={Using Inductive Counting to Simulate Nondeterministic
Computation},
author={Gerhard Buntrock and Lane A. Hemachandra and Dirk Siefkes},
pages={102--117},
journal=iandcomp,
month=jan,
year=1993,
volume=102,
number=1
}

@Article{JainS93,
title={Learning with the Knowledge of an Upper Bound on Program Size},
author={Sanjay Jain and Arun Sharma},
pages={118--166},
journal=iandcomp,
month=jan,
year=1993,
volume=102,
number=1
}


                            February 1993
                         Volume 102, Number 2


@Article{SistlaZ93,
title={Reasoning in a Restricted Temporal Logic},
author={A. Prasad Sistla and Lenore D. Zuck},
pages={167--195},
journal=iandcomp,
month=feb,
year=1993,
volume=102,
number=2
}

@Article{DietzfelbingerM93,
title={An Optimal Parallel Dictionary},
author={Martin Dietzfelbinger and Friedhelm {Meyer auf der Heide}},
pages={196--217},
journal=iandcomp,
month=feb,
year=1993,
volume=102,
number=2
}

@Article{KaufmannK93,
title={Routing in Polygons without Rectilinear Visible Corners},
author={Michael Kaufmann and Gerhard Kl{\"a}r},
pages={218--262},
journal=iandcomp,
month=feb,
year=1993,
volume=102,
number=2
}

@Article{FleischerSU93,
title={A Lower Bound for the Worst Case of {Bottom-Up-Heapsort}},
author={R. Fleischer and B. P. Sinha and C. Uhrig},
pages={263--279},
journal=iandcomp,
month=feb,
year=1993,
volume=102,
number=2
}

@Article{GrahamHLS,
title={Subcube Fault-Tolerance in Hypercubes},
author={Niall Graham and Frank Harary and Marilynn Livingston and
Quentin F. Stout},
pages={280--314},
journal=iandcomp,
month=feb,
year=1993,
volume=102,
number=2
}

Author Index for Volume 102 -- page 315

                              March 1993
                         Volume 103, Number 1

@Article{PnueliZ93,
title={Probabilistic Verification},
author={Amir Pnueli and Lenore D. Zuck},
pages={1-29},
journal=iandcomp,
month=mar,
year=1993,
volume=103,
number=1
}

@Article{GinsburgSW93,
title={Content-Related Interval Queries on Object Histories},
author={Seymour Ginsburg and Dan Simovici and Xiaoyang Wang},
pages={30--67},
journal=iandcomp,
month=mar,
year=1993,
volume=103,
number=1
}

@Article{BeigelGGO93,
title={Terse, Superterse, and Verbose Sets},
author={Richard Beigel and William I. Gasarch and John Gill and
James C. Owings},
pages={68--85},
journal=iandcomp,
month=mar,
year=1993,
volume=103,
number=1
}

@Article{FalaschiLMP93,
title={A Model-Theoretic Reconstruction of the Operational Semantics
of Logic Programs},
author={Moreno Falaschi and Giorgio Levi and Maurizio Martelli and
Catuscia Palamidessi},
pages={86--113},
journal=iandcomp,
month=mar,
year=1993,
volume=103,
number=1
}

@Article{MeseguerG93,
title={Order-Sorted Algebra Solves the Constructor-Selector, Multiple
Representation, and Coercion Problems},
author={Jos{\'e} Meseguer and Joseph A. Goguen},
pages={114--158},
journal=iandcomp,
month=mar,
year=1993,
volume=103,
number=1
}

                              April 1993
                         Volume 103, Number 2

@Article{Staiger93,
title={Kolgomorov Complexity and {Hausdorff} Dimension},
author={Ludwig Staiger},
pages={159--194},
journal=iandcomp,
month=apr,
year=1993,
volume=103,
number=2
}

@Article{MusikaevT93,
title={Limitations of the Program Memory and the Expressive Power of
Dynamic Logics},
author={I. Kh. Musikaev and M. A. Taitslin},
pages={195--203},
journal=iandcomp,
month=apr,
year=1993,
volume=103,
number=2
}

@Article{AcetoH93,
title={Towards Action-Refinement in Process Algebras},
author={L. Aceto and M. Hennessy},
pages={204--269},
journal=iandcomp,
month=apr,
year=1993,
volume=103,
number=2
}

@Article{Peleg93,
title={Distance-Dependent Distributed Directories},
author={David Peleg},
pages={270--298},
journal=iandcomp,
month=apr,
year=1993,
volume=103,
number=2
}

@Article{RivestS93,
title={Inference of Finite Automata Using Homing Sequences},
author={Ronald L. Rivest and Robert E. Schapire},
pages={299--347},
journal=iandcomp,
month=apr,
year=1993,
volume=103,
number=2
}

Author Index for Volume 103 -- page 348


                               May 1993
                         Volume 104, Number 1

                    Special Issue: Selections from
           1990 IEEE Symposium on Logic in Computer Science


@Article{Mitchell93,
title={Preface},
author={John Mitchell},
pages={1},
journal=iandcomp,
month=may,
year=1993,
volume=104,
number=1
}

@Article{AlurCD93,
title={Model-Checking in Dense Real-time},
author={Rajeev Alur and Costas Courcoubetis and David Dill},
pages={2--34},
journal=iandcomp,
month=may,
year=1993,
volume=104,
number=1
}

@Article{AlurH93,
title={Real-Time Logics: Complexity and Expressiveness},
author={Rajeev Alur and Thomas Henzinger},
pages={35--77},
journal=iandcomp,
month=may,
year=1993,
volume=104,
number=1
}

@Article{SekarR93,
title={Programming in Equational Logic: Beyond Strong Sequentiality},
author={R. C. Sekar and I. V. Ramakrishnan},
pages={78--109},
journal=iandcomp,
month=may,
year=1993,
volume=104,
number=1
}

REGULAR ARTICLE:

@Article{Middeldorp93,
title={Modular Properties of Conditional Term Rewriting Systems},
author={Aart Middeldorp},
pages={110--158},
journal=iandcomp,
month=may,
year=1993,
volume=104,
number=1
}

                              June 1993
                         Volume 104, Number 2

@Article{FeldmanINNRS93,
title={On Dice and Coins: Models of Computation for Random Generation},
author={David Feldman and Russell Impagliazzo and Moni Naor and Noam
Nisan and Steven Rudich and Adi Shamir},
pages={159--174},
journal=iandcomp,
month=jun,
year=1993,
volume=104,
number=2
}

@Article{IsraeliJ93,
title={Uniform Self-Stabilizing Ring Orientation},
author={Amos Israeli and Marc Jalfon},
pages={175--196},
journal=iandcomp,
month=jun,
year=1993,
volume=104,
number=2
}

@Article{Frederickson93,
title={An Optimal Algorithm for Selection in a {Min-Heap}},
author={Greg N. Frederickson},
pages={197--214},
journal=iandcomp,
month=jun,
year=1993,
volume=104,
number=2
}

@Article{ShyamasundarNP93,
title={Semantics of Nondeterministic Asynchronous Broadcast Networks},
author={R. K. Shyamasundar and K. T. Narayana and T. Pitassi},
pages={215--252},
journal=iandcomp,
month=jun,
year=1993,
volume=104,
number=2
}

@Article{LuginbuhlL93,
title={Hierarchies and Space Measures for Pointer Machines},
author={David R. Luginbuhl and Michael C. Loui},
pages={253--270},
journal=iandcomp,
month=jun,
year=1993,
volume=104,
number=2
}

@Article{KannanVVY93,
title={A Circuit-Based Proof of {Toda's} Theorem},
author={Ravi Kannan and H. Venkateswaran and V. Vinay and Andrew C.
Yao},
pages={271--276},
journal=iandcomp,
month=jun,
year=1993,
volume=104,
number=2
}

@Article{DurisG93,
title={On the Power of Multiple Reads in a Chip},
author={Pavol {\v{D}}uri{\v{s}} and Zvi Galil},
pages={277--287},
journal=iandcomp,
month=jun,
year=1993,
volume=104,
number=2
}

@Article{GoldsmithJY93,
title={Using Self-Reducibilities to Characterize Polynomial Time},
author={Judy Goldsmith and Deborah Joseph and Paul Young},
pages={288--308},
journal=iandcomp,
month=jun,
year=1993,
volume=104,
number=2
}

Author Index for Volume 104 -- pages 309--310


                              July 1993
                         Volume 105, Number 1

@Article{ReynoldsP93,
title={On Functors Expressible in the Polymorphic Typed Lambda
Calculus},
author={John C. Reynolds and Gordon D. Plotkin},
pages={1--29},
journal=iandcomp,
month=jul,
year=1993,
volume=105,
number=1
}

@Article{Jutting93,
title={Typing in Pure Type Systems},
author={L. S. van Benthem Jutting},
pages={30--41},
journal=iandcomp,
month=jul,
year=1993,
volume=105,
number=1
}

@Article{Hoofman93,
title={Continuous Information Systems},
author={R. Hoofman},
pages={42--71},
journal=iandcomp,
month=jul,
year=1993,
volume=105,
number=1
}

@Article{GasarchHH93,
title={On Checking Versus Evaluation of Multiple Queries},
author={William I. Gasarch and Lane A. Hemachandra and Albrecht
Hoene},
pages={72--93},
journal=iandcomp,
month=jul,
year=1993,
volume=105,
number=1
}

@Article{JungKS93,
title={Lower Bounds and Efficient Algorithms for Multiprocessor
Scheduling of Directed Acyclic Graphs with Communication Delays},
author={Hermann Jung and Lefteris M. Kirousis and Paul Spirakis},
pages={94--104},
journal=iandcomp,
month=jul,
year=1993,
volume=105,
number=1
}

@Article{Ristad93,
title={The Anaphora Problem},
author={Eric Sven Ristad},
pages={105--131},
journal=iandcomp,
month=jul,
year=1993,
volume=105,
number=1
}

@Article{Chaudhuri93,
title={More {\em Choices\/} Allow More {\em Faults\/}: Set Consensus
Problems in Totally Asynchronous Systems},
author={Soma Chaudhuri},
pages={132--158},
journal=iandcomp,
month=jul,
year=1993,
volume=105,
number=1
}

                             August 1993
                         Volume 105, Number 2

@Article{AbramskyO93,
title={Full Abstraction in the Lazy Lambda Calculus},
author={Samson Abramsky and C.-H. Luke Ong},
pages={159--267},
journal=iandcomp,
month=aug,
year=1993,
volume=105,
number=2
}

@Article{Goldberg93,
title={Automating {P\'olya} Theory: The Computational Complexity of
the Cycle Index Polynomial},
author={Leslie Ann Goldberg},
pages={268--288},
journal=iandcomp,
month=aug,
year=1993,
volume=105,
number=2
}

Author Index for Volume 105 -- page 289

                            September 1993
                         Volume 106, Number 1

@Article{RivestS93b,
title={On Choosing between Experimenting and Thinking when Learning},
author={Ronald L. Rivest and Robert H. Sloan},
pages={1--25},
journal=iandcomp,
month=sep,
year=1993,
volume=106,
number=1
}

@Article{Palmgren93,
title={An Information System Interpretation of {Martin-L\"{o}f's}
Partial Type Theory with Universes},
author={Erik Palmgren},
pages={26--60},
journal=iandcomp,
month=sep,
year=1993,
volume=106,
number=1
}

@Article{Choffrut93,
title={On the Starheight of Some Rational Subsets Closed under Partial
Commutations},
author={Christian Choffrut},
pages={61--82},
journal=iandcomp,
month=sep,
year=1993,
volume=106,
number=1
}

@Article{LeungW93,
title={Minimizing the Number of Late Tasks with Error Constraint},
author={Joseph Y.-T. Leung and C. S. Wong},
pages={83--108},
journal=iandcomp,
month=sep,
year=1993,
volume=106,
number=1
}

@Article{AptP93,
title={Reasoning about Termination of Pure Prolog Programs},
author={Krzysztof R. Apt and Dino Pedreschi},
pages={109--157},
journal=iandcomp,
month=sep,
year=1993,
volume=106,
number=1
}

                             October 1993
                         Volume 106, Number 2

@Article{CoriMZ93,
title={Asynchronous Mappings and Asynchronous Cellular Automata},
author={Robert Cori and Yves M{\'e}tivier and Wies{\l}aw Zielonka},
pages={159--202},
journal=iandcomp,
month=oct,
year=1993,
volume=106,
number=2
}

@Article{KawaguchiW93,
title={New Results in Graph Routing},
author={Kimio Kawaguchi and Koichi Wada},
pages={203--233},
journal=iandcomp,
month=oct,
year=1993,
volume=106,
number=2
}

@Article{Baeza-YatesCR93,
title={Searching in the Plane},
author={Ricardo A. {Baeza-Yates} and Joseph C. Culberson and Gregory
J. E. Rawlins},
pages={234--252},
journal=iandcomp,
month=oct,
year=1993,
volume=106,
number=2
}

@Article{HowellJR93,
title={Completeness Results for Single-Path {Petri} Nets},
author={Rodney R. Howell and Petr Jan{\v{c}}ar and Louis E. Rosier},
pages={253--265},
journal=iandcomp,
month=oct,
year=1993,
volume=106,
number=2
}

@Article{BerkmanV93,
title={On Parallel Integer Merging},
author={Omer Berkman and Uzi Vishkin},
pages={266--285},
journal=iandcomp,
month=oct,
year=1993,
volume=106,
number=2
}

@Article{Meiser93,
title={Point Location in Arrangements of Hyperplanes},
author={S. Meiser},
pages={286--303},
journal=iandcomp,
month=oct,
year=1993,
volume=106,
number=2
}

Author Index for Volume 106 -- page 304

                            November 1993
                         Volume 107, Number 1

@Article{GoodrichAO93,
title={Output-Sensitive Methods for Rectilinear Hidden Surface
Removal},
author={Michael T. Goodrich and Mikhail J. Atallah and Mark H.
Overmars},
pages={1--24},
journal=iandcomp,
month=nov,
year=1993,
volume=107,
number=1
}

@Article{OHearnT93,
title={Semantical Analysis of Specification Logic, 2},
author={P. W. O'Hearn and R. D. Tennent},
pages={25--57},
journal=iandcomp,
month=nov,
year=1993,
volume=107,
number=1
}

@Article{Parrow93,
title={Structural and Behavioural Equivalences of Networks},
author={Joachim Parrow},
pages={58--90},
journal=iandcomp,
month=nov,
year=1993,
volume=107,
number=1
}

@Article{PacholskiS93,
title={A Counterexample to the 0-1 Law for the Class of Existential
Second-Order Minimal {G\"odel} Sentences with Equality},
author={Leszek Pacholski and Wies{\l}aw Szwast},
pages={91--103},
journal=iandcomp,
month=nov,
year=1993,
volume=107,
number=1
}

@Article{Kuper93,
title={An Axiomatic Theory for Partial Functions},
author={Jan Kuper},
pages={104--150},
journal=iandcomp,
month=nov,
year=1993,
volume=107,
number=1
}

@Article{KlarlundS93,
title={Proving Nondeterministically Specified Safety Properties Using
Progress Measures},
author={Nils Klarlund and Fred B. Schneider},
pages={151--170},
journal=iandcomp,
month=nov,
year=1993,
volume=107,
number=1
}

                            December 1993
                         Volume 107, Number 2

@Article{BurnsL93,
title={Bounds on Shared Memory for Mutual Exclusion},
author={James E. Burns and Nancy A. Lynch},
pages={171--184},
journal=iandcomp,
month=dec,
year=1993,
volume=107,
number=2
}

@Article{Devolder93,
title={Precircular Codes and Periodic Biinfinite Words},
author={Jeanne Devolder},
pages={185--201},
journal=iandcomp,
month=dec,
year=1993,
volume=107,
number=2
}

@Article{HennessyI93,
title={A Theory of Communicating Processes with Value Passing},
author={M. Hennessy and A. Ing{\'o}lfsd{\'o}ttir},
pages={202--236},
journal=iandcomp,
month=dec,
year=1993,
volume=107,
number=2
}

@Article{FreivaldsS93,
title={On the Role of Procrastination in Machine Learning},
author={R\={u}si\c{n}\u{s} Freivalds and Carl H. Smith},
pages={237--271},
journal=iandcomp,
month=dec,
year=1993,
volume=107,
number=2
}

@Article{JonssonP93,
title={Deciding Bisimulation Equivalences for a Class of
{Non-Finite-State} Programs},
author={Bengt Jonsson and Joachim Parrow},
pages={272--302},
journal=iandcomp,
month=dec,
year=1993,
volume=107,
number=2
}

@Article{GunterGM93,
title={Computing {ML} Equality Kinds Using Abstract Interpretation},
author={Carl A. Gunter and Elsa L. Gunter and David B. MacQueen},
pages={303--323},
journal=iandcomp,
month=dec,
year=1993,
volume=107,
number=2
}

Author Index for Volume 107 -- page 324

Cumulative Subject Index for Volumes 102--107 -- pages 325--334

------------------------------------------------------------------------
                             FORTHCOMING

    The following papers have been assigned definite publication
    dates, but have not yet appeared in print.

    All information in this section should be treated as tentative.


                             January 1994
                         Volume 108, Number 1

@Article{Tulipani94,
title={Decidability of the Existential Theory of Infinite Terms with
Subterm Relation},
author={Sauro Tulipani},
pages={1-33},
journal=iandcomp,
month=jan,
year=1994,
volume=108,
number=1
}

@Article{BodlaenderMW94,
title={The Distributed Bit Complexity of the Ring: From the Anonymous
to the Non-anonymous Case},
author={Hans L. Bodlaender and Shlomo Moran and Manfred K. Warmuth},
pages={34--50},
journal=iandcomp,
month=jan,
year=1994,
volume=108,
number=1
}

@Article{Boudol94,
title={Lambda-Calculi for (Strict) parallel functions},
author={G{\'e}rard Boudol},
pages={51--127},
journal=iandcomp,
month=jan,
year=1994,
volume=108,
number=1
}

@Article{BoerP94,
title={Embedding as a Tool for Language Comparison},
author={Frank S. de Boer and Catuscia Palamidessi},
pages={128--157},
journal=iandcomp,
month=jan,
year=1994,
volume=108,
number=1
}

@Article{Krichevsky94,
title={Occam's Razor, Partially Specified {Boolean} Functions, String
Matching, and Independent Sets},
author={Rafail E. Krichevsky},
pages={158--??},
journal=iandcomp,
month=jan,
year=1994,
volume=108,
number=1
}


                              April 1994
                         Volume 110, Number 1
                    Special Issue: Selections from
 International Conference on Theoretical Aspects of Computer Software
                              (TACS'91)

Mariangiola Dezani-Ciancaglini, "Preface"

Luca Cardelli and Simone Martini and John C. Mitchell and Andre
Scedrov, "An Extension of System F with Subtyping"

Pierre-Louis Curien and Giorgio Ghelli, "Subtyping $+$ Extensionality:
Confluence of $\beta\nu$top$\leq$ reduction in F$_\leq$"

Paola Giannini and Simona Ronchi Della Rocca, "The Type Inference
Problem for the Polymorphic Type Discipline"

Susumu Hayashi, "Singleton, Union and Intersection Types for Program
Extraction"

Wesley Phoa, "From Term Models to Domains"

Gordon Plotkin, "A Semantics for Static Type Inference"

Mart{\'\i}n Abadi, "A Semantics for Static Type Inference in a
Nondeterministic Language"


                             May 1, 1994
                         Volume 110, Number 2

                    Special Issue: Selections from
           1991 IEEE Symposium on Logic in Computer Science

Gilles Kahn, "Preface"

Antonio Bucciarelli and Thomas Ehrhard, "Sequentiality in an
extensional framework"

Thierry Coquand, "An Analysis of Ramsey's Theorem"

Patrice Godefroid and Pierre Wolper, "A Partial Approach to Model
Checking"

Joshua S. Hodas and Dale Miller, "Logic Programming in a Fragment of
Intuitionistic Linear Logic"

Dexter C. Kozen, "A Completeness Theorem for Kleene Algebras and the
Algebra of Regular Events"

Daniel Leivant, "A foundational delineation of poly-time"

===========================================================================
                          FUTURE ATTRACTIONS

    The following manuscripts have been accepted for publication and
    are currently with the publisher awaiting publication.  They are
    listed here *roughly* in the order in which they are expected to
    appear in print.

G\'erard Boudol and Ilaria Castellani, "Flow Models of Distributed
Computations: Three Equivalent Semantics for CCS"

Volker Diekert, Paul Gastin, and Antoine Petit, "Rational and
Recognizable Complex Trace Languages"

Takeshi Shinohara, "Rich Classes Inferable from Positive Data:
Length-Bounded Elementary Formal Systems"

Johan H{\aa}stad, Ingo Wegener, Norbert Wurm and Sang-Zin Yi, "Optimal
depth, very small size circuits for symmetric functions in $AC^0$"

Nick Littlestone and Manfred K.  Warmuth, "The Weighted Majority
Algorithm"

Bernhard Steffen and Anna Ing\'olfsd\'ottir, "Characteristic Formulae
for Processes with Divergence"

Jonathan Sorenson, "Polylog Depth Circuits for Integer Factoring and
Discrete Logarithms"

Hagit Attiya and Nancy A. Lynch, "Time Bounds for Real-Time Process
Control in the Presence of Timing Uncertainty"

Ludek Kucera, Alberto Marchetti-Spaccamela and Marco Protasi, "On
Learning Monotone DNF Formulae under Uniform Distributions"

V. Diekert, E. Ochmanski and K. Reinhardt, "On Confluent
Semi-Commutations: Decidability and Complexity Results"

P. Thanisch, G. Loizou and J. Nummenmaa, "Finding Compact Scheme
Forests in Nested Normal Form is {NP}-Hard"

Raymond Ng and V.S. Subrahmanian, "Stable Semantics for Probabilistic
Deductive Databases"

H. Comon and C.  Delor, "Equational Formulae with Membership
Constraints"

Guo Qiang Zhang, "A Representation of SFP"

Jerry L. Trahan and Vijaya Ramachandran and Michael C. Loui, "Parallel
Random Access Machines with Both Multiplication and Shifts"

Steven Homer and Jie Wang, "Immunity of Complete Problems"

M. J. van Krevald and Mark Overmars, "Concatenable Structures for
Decomposable Problems"

Danilo Bruschi, Giovanni Pighizzini and Nicoletta Sabadini, "On the
Existence of Minimum Asynchronous Automata and on the Equivalence
Problem for Unambiguous Regular Trace Languages"

Ricardo A. Baeza-Yates and Gaston H. Gonnet, "Fast String Matching
with Mismatches"

Mart{\'\i}n Abadi and Joseph Y. Halpern, "Decidability and
Expressiveness for First-Order Logics of Probability"

Eric Allender and Ulrich Hertrampf, "Depth Reduction for Circuits of
Unbounded Fan-In"

Christos Levcopoulos and Ola Petersson, "Sorting Shuffled Monotone
Sequences"

Vince Grolmusz, "The BNS Lower Bound for Multi-Party Protocols in
Nearly Optimal"

Egon Wanke, "On the Decidability of Certain Integer Subgraph Problems
on Context-Free Graph Languages"

Val Breazu-Tannen and Jean Gallier, "Polymorphic Rewriting Conserves
Algebraic Confluence"

Jeffrey Shallit, "Numeration Systems, Linear Recurrences, and Regular
Sets"

Thomas A. Henzinger and Zohar Manna and Amir Pnueli, "Temporal Proof
Methodologies for Timed Transition Systems"

Matthew Hennessy, "A Fully Abstract Denotational Model for
Higher-Order Processes"

Ian Parberry, "A Guide for New Referees in Theoretical Computer
Science"

J. A. Ellis and I. H. Sudborough and J. S. Turner, "The Vertex
Separation and Search Number of a Graph"

Baruch Schieber and Marc Snir, "Calling Names on Nameless Networks"

Martin Beaudry, "Membership Testing in Threshold One Transformation
Monoids"

Corrado B{\"o}hm and Benedetto Intrigila, "The Ant-Lion Paradigm for
Strong Normalization"

Yehuda Afek and Yossi Matias, "Elections in Anonymous Networks"

Gadi Taubenfeld, Shmuel Katz, and Shlomo Moran, "Impossibility Results
in the Presence of Multiple Faulty Processes"

Andrew Chin and W. F. McColl, "Virtual Shared Memory: Algorithms and
Complexity"

Andrew T. Ogielski, "Minimal Samples of Positive Examples Identifying
$k$-{CNF} {Boolean} Functions"

Mark Jerrum, "Simple Translation-Invariant Concepts are Hard to Learn"

Philip M. Long and Manfred K. Warmuth, "Composite Geometric Concepts
and Polynomial Predictability"

Mitchell Wand and Zheng-Yu Wang, "Conditional Lambda-Theories and the
Verification of Static Properties of Programs"

Pei Yuan Yan and Ian Parberry, "Exponential Size Lower Bounds for Some
Depth Three Circuits"

Y. Dimopoulos and V.  Magirou, "A Graph Theoretic Approach to Default
Logic"

Ramamohan Paturi and Michael E. Saks, "Approximating Threshold
Circuits by Rational Functions"

Richard Gerber and Insup Lee, "A Resource-Based Prioritized
Bisimulation for Real-Time Systems"

Jonathan Sorenson and Ian Parberry, "Two Fast Parallel Prime Number
Sieves"

Ronald L. Rivest and Robert Sloan, "A Formal Model of Hierarchical
Concept Learning"

Javier Esparza, "Reduction and Synthesis of Live and Bounded Free
Choice Petri Nets"

David Harel and Danny Raz, "Deciding Emptiness for Stack Automata on
Infinite Trees"


Moshe Vardi and Pierre Wolper, "Reasoning About Infinite Computation
Paths"

Luca Aceto and Matthew Hennessy, "Adding Action Refinement to a Finite
Process Algebra"

Xavier Nicollin and Joseph Sifakis, "The Algebra of Timed Processes
ATP: Theory and Application"

Evangelos Kranakis, Danny Krizanc, and Jacob van den Berg, "Computing
Boolean Functions on Anonymous Networks"

Kosaburo Hashiguchi, "The Infinite 2-Star Height Hierarchy of Extended
Regular Languages of Star Degree at Most 2"

Mark Fulk and Sanjay Jain, "Approximate Inference and Scientific
Method"

Yael Shemesh and Nissim Francez, "Finite-State Unification Automata
and Relational Languages"

A. Ehrenfeucht, H. J. Hoogeboom, and G. Rozenberg, "Combinatorial
Properties of Dependence Graphs"

Andrew K. Wright and Matthias Felleisen, "A Syntactic Approach to Type
Soundness"

William Cook and Jens Palsberg, "A Denotational Semantics of
Inheritance and its Correctness"

Alan D. Fekete, "Asynchronous Approximate Agreement"

Eiichi Horita, J. W. de Bakker, and J. J. M. M. Rutten, "Fully
Abstract Denotational Models for Nonuniform Concurrent Languages"

Tomoyuki Yamakami, "Feasible Computability and Resource Bounded
Topology"

D. Haussler, N. Littlestone, and M. K. Warmuth, "Predicting
{0,1}-Functions on Randomly Drawn Points"

Rudolf Fleischer and Hermann Jung and Kurt Mehlhorn, "A
Communication-Randomness Tradeoff for Two-Processor Systems"

Juanito Camilleri and Glynn Winskel, "CCS with Priority Choice"

Michiel Smid, "Dynamic rectangular point location with an application
to the closest pair problem"

Zolt\'an F\"ul\"op and S\'andor V\'agv\"olgyi, "Attributed Tree
Transducers Cannot Induce all Deterministic Bottom-Up Tree
Transformations"

Alain J. Mayer and Larry J. Stockmeyer, "Word Problems---This Time
with Interleaving"

Bent Thomsen, "A Theory of Higher Order Communicating Systems"

G\"osta Grahne and Alberto O.  Mendelzon, "Updates and Subjunctive
Queries"

Hans Kleine B\"uning and Marek Karpinski and Andreas Fl\"ogel,
"Resolution for Quantified {Boolean} Formulas"

Eli Upfal, "Tolerating a Linear Number of Faults in Networks of
Bounded Degree"

David Walker, "Objects in the $\pi$-Calculus"

Bruno Courcelle, "Structural Properties of Context-Free Sets of Graphs
Generated by Vertex Replacement"

Ulrich Tamm, "Communication Complexity of Sum-Type Functions Invariant
under Translation"

Phokion G. Kolaitis and Madhukar N. Thakur, "Logical Definability of
{NP} Optimization Problems"

Anil Nerode, Raymond Ng, and V. S. Subrahmanian, "Computing
Circumscriptive Databases, Part I: Theory and Algorithms"

Noaki Abe, "Characterizing PAC-Learnability of Semilinear Sets"

Steve Schneider, "An Operational Semantics for Timed CSP"

John Case and Sanjay Jain and Arun Sharma, "Complexity Issues for
Vacillatory Function Identification"

Amir M. Ben-Amram and Zvi Galil, "On the Power of The Shift
Instruction"

Jon G. Riecke, "Statman's 1-Section Theorem"

Michael Huth, "A Maximal Monoidal Closed Category of Distributive
Algebraic Domains"

Georg Lausen and Eljas Soisalon-Soininen, "Safety by Interpreted
Locks"

Rodney R. Howell and Muralidhar K. Venkatrao, "On Non-Preemptive
Scheduling of Recurring Tasks Using Inserted Idle Times"

Roberto M. Amadio, "A Quick Construction of a Retraction of All
Retractions for Stable Bifinites"

Changwook Kim and Dong Hoon Lee, "Node Replacement Graph Languages
Squeezed with Chains, Trees, and Forests"

Wayne Eberly, "Fast Parallel Band Matrix Arithmetic"

Dafna Sheinwald, Abraham Lempel, and Jacob Ziv, "On Encoding and
Decoding with Two-Way Head Machines"

Neil Immerman and Susan Landau, "The Complexity of Iterated
Multiplication"

S. C. Fang and J. R. Rajasekera, "Entropy Optimization Models with
Convex Constraints"

Benjamin C. Pierce, "Bounded Quantification is Undecidable"

Ramana M. Idury and Alejandro A. Sch\"affer, "Multiple Matching of
Rectangular Patterns"

R. P. Kurshan and K.  L. McMillan, "A Structural Induction Theorem for
Processes"

Giuseppe Castagna, Giorgio Ghelli, and Giuseppe Longo, "A Calculus for
Overloaded Functions with Subtyping"

Matthew Hennessy and Tim Regan, "A Process Algebra for Timed Systems"

Oded Shmueli, "A Single Recursive Predicate is Sufficient for Pure
Datalog"

Marco Bellia and M. Eugenia Occhiuto, "Suprema of Open and Closed
Formulas and Their Application to Resolution"

Ramamohan Paturi and Sanguthevar Rajasekaran and John Reif, "The Light
Bulb Problem"

David Aldous and Umesh V. Vazirani, "A Markovian Extension of
Valient's Learning Model"

Shai Ben-David and Alon Itai and Eyal Kushilevitz, "Learning by
Distances"

Sally Goldman and Michael Kearns and Robert E. Schapire, "On the
Sample Complexity of Weakly Learning"

Hirofumi Yokouchi, "Embedding Second Order Type System into
Intersection Type System"

Marianne Baudinet, "On the Expressiveness of Temporal Logic
Programming"

Joseph Y.  Halpern and Edward L. Wimmers, "Full Abstraction and
Expressive Completeness for FP*"

Walter Ludwig, "A Subexponential Randomized Algorithm for the Simple
Stochastic Game Problem"

Amihood Amir and Martin Farach, "Efficient 2-dimensional Approximate
Matching of Half-rectangular Figures"

Dung T. Huynh and Lu Tian, "On Deciding Readiness and Failure
Equivalences for Processes"

Ashok Subramanian, "The Parallel Complexity of Propagation"

Flaviu Cristian and Houtan Aghili and Ray Strong and Danny Dolev,
"Atomic Broadcast: from Simple Message Diffusion to Byzantine
Agreement"

William J. Bultman and Wolfgang Maass, "Fast Identification of
Geometric Objects with Membership Queries"

Samir Khuller and Yossi Matias, "A Simple Randomized Sieve Algorithm
for the Closest-Pair Problem"

Jan Friso Groote and Hans H{\"u}ttel, "Undecidable Equivalences for
Basic Process Algebra"

Herv\'e J. Touati and Robert K. Brayton and Robert Kurshan, "Testing
Language Containment for $\omega$-Automata Using {BDD}'s"

Igor Litovsky and Yves M\'etivier and Wies{\l}aw Zielonka, "On the
Recognition of Family of Graphs with Local Computations"

Masako Takahashi, "Parallel Reductions in $\lambda$-Calculus"

Richard Beigel and Martin Kummer and Frank Stephan, "Quantifying the
Amount of Verboseness"

Ji{\v{r}}{\'\i} Ad{\`a}mek, "Data Types in Algebraically
$\omega$-Complete Categories"

Walter Vogler, "Generalized OM-Bisimulation"

Roberto Gorrieri and Cosimo Laneve, "Split and ST Bisimulation
Semantics"

Gregory Kucherov and Mohamed Tajine, "Decidability of Regularity and
Related Properties of Ground Normal Form Languages"

John Shawe-Taylor, "Sample Sizes for Threshold Networks with
Equivalences"

Furio Honsell and Ian A.  Mason and Scott Smith and Carolyn Talcott,
"A Variable Typed Logic of Effects"

Peter J. Stuckey, "Negation and Constraint Logic Programming"

Rajeev Alur and A. Itai and R. P. Kurshan and M. Yannakakis, "Timing
Verification by Successive Approximation"

Francis Bossut and Max Dauchet and Bruno Warin, "A Weak Kleene Like
Theorem a Class of Acyclic Graphs"

Jens Palsberg and Michael I. Schwartzbach, "Safety Analysis versus
Type Inference"

Howard Straubing and Denis Th\'erien and Wolfgang Thomas, "Regular
Languages Defined with Generalized Quanifiers"

R\={u}si\c{n}\v{s} Freivalds and Efim B. Kinber and Rolf Wiehagen,
"How Inductive Inference Strategies Discover Their Errors"

Mogens Nielsen and G. Rozenberg and P. S. Thiagarajan, "Transition
Systems, Event Structures and Unfoldings"

Rolf Niedermeier and Peter Rossmanith, "Unambiguous auxiliary pushdown
automata and semi-unbounded fan-in circuits"

Juraj Hromkovi{\v{c}} and Vladim\'{\i}r M\"uller and Ondrej S\'ykora
and Imrich Vr{\v{t}}o, "On Embeddings in Cycles"

David Sangiorgi, "The Lazy Lambda Calculus in a Concurrency Scenario"

Jean-Pierre Talpin and Pierre Jouvelot, "The Type and Effect
Discipline"

Didier Caucal and Dung T. Huynh and Lu Tian, "Deciding Branching
Bimiliarity of Normed Context-Free Languages Is in $\Sigma^{\rm p}_2$"

Jennifer Seberry and Xian-Mo Zhang and Yuliang Zheng, "Nonlinearity
and Propagation Characteristics of Balanced Boolean Functions"

Andreas Weber and Reinhard Klemm, "Economy of Description for
Single-valued Transducers"

Oded Maler and Amir Pneuli, "On the Learnability of Infinitary Regular
Sets"

Torben Hagerup, "A Lower Bound for the Emulation of {PRAM} Memories on
Processor Networks"

Richard Kennaway and Jan Willem Klop and Ronan Sleep and Fer-Jan de
Vries, "Transfinite Reductions in Orthogonal Term Rewriting Systems"

===========================================================================
