From:	IN%"peter@Nexus.YorkU.CA"  "Peter Roosen-Runge" 14-APR-1991 22:25:16.30
To:	cs100006@YUSol
CC:	
Subj:	

Return-path: peter@Nexus.YorkU.CA
Received: from JNET-DAEMON by YUSol; Sun, 14 Apr 91 21:55 EDT
Received: From YORKVM1(MAILER) by YUSOL with Jnet id 1167 for CS100006@YUSOL;
 Sun, 14 Apr 91 21:55 EDT
Received: from YUOrion by VM1.YORKU.CA (Mailer R2.07) with BSMTP id 4201; Sun,
 14 Apr 91 21:50:28 EDT
Received: from nexus.yorku.ca by Orion.YorkU.CA; Sun, 14 Apr 91 21:54 EDT
Received: by nexus.yorku.ca id 6185; Sun, 14 Apr 91 21:50:58 EDT
Date: Sun, 14 Apr 91 21:50:53 EDT
From: Peter Roosen-Runge <peter@Nexus.YorkU.CA>
To: cs100006@YUSol
Message-Id: <91Apr14.215058edt.6185@nexus.yorku.ca>

Path: yunexus!ists!helios.physics.utoronto.ca!news-server.csri.toronto.edu!rpi!z
   aphod.mps.ohio-state.edu!think.com!mintaka!ogicse!milton!hlab
From: hentsche@serss0.fiu.edu (Erich Hentschel)
Newsgroups: sci.virtual-worlds
Subject: VR notes.  Part 02/02  Bibliography.
Message-ID: <1991Apr12.185110.1140@milton.u.washington.edu>
Date: 12 Apr 91 16:14:06 GMT
Article-I.D.: milton.1991Apr12.185110.1140
Posted: Fri Apr 12 12:14:06 1991
Sender: hlab@milton.u.washington.edu (Human Int. Technology Lab)
Organization: Florida International University, Miami
Lines: 300
Approved: cyberoid@milton.u.washington.edu
 
 
@book{GIBSON,
        Author="James J. Gibson",
        TITLE= "The Ecological Approach to Visual Perception",
        Publisher="Lawrence Erlbaum Associates",
        ADDRESS="Hillsdale, NJ.",
        YEAR= "1979"
}
 
@book{LAURELBOOK,
        EDITOR="Brenda Laurel",
        TITLE="The Art of Human Computer Interface Design",
        PUBLISHER="Addison--Wesley Publishing Company, Inc.",
        MONTH="May",
        YEAR="1990",
        NOTE="S. Joy Mountford, Manager of the Human Interface Group,
        Apple Computer Inc., conceived of and technically supported the
        development of this book."
}
 
@misc{VPL,
        AUTHOR="VPL Research, Inc.",
        TITLE="Putting \vr\ to Work",
        howpublished="Advertising Brochure",
        YEAR="1990"
        }
 
@misc{BRICKEN,
        AUTHOR="Willliam Bricken",
        TITLE="{VR Directions of Growth}",
        howpublished="Electronic Newsgroup Sci.virtual--worlds",
        MONTH="December",
        YEAR="1990",
        note="From USENET newsgroup sci.virtual--worlds"
}
 
@misc{USELTON,
        AUTHOR="Sam Uselton",
        TITLE="NASA Ames Virtual Wind Tunnel",
        howpublished="Electronic Newsgroup Sci.virtual--worlds",
        MONTH="November",
        DAY="6",
        YEAR="1990",
        note="From USENET newsgroup sci.virtual--worlds"
}
 
 
@inbook{FISHER,
        AUTHOR="Scott S. Fisher",
        TITLE="The Art of Human Computer Interface Design",
        CHAPTER="Virtual Interface Environments",
        publisher="Addison--Wesley Publishing Company, Inc.",
        VOLUME="",
        MONTH="May",
        YEAR="1990",
        PAGES="423--438"
}
 
@inbook{KAY,
        AUTHOR="Alan Kay",
        TITLE="The Art of Human Computer Interface Design",
        CHAPTER="User Interface: A Personal View",
        publisher="Addison--Wesley Publishing Company, Inc.",
        VOLUME="",
        MONTH="May",
        YEAR="1990",
        PAGES="191--207"
}
 
@inbook{OREN,
        AUTHOR="Tim Oren and Gitta Salomon and Kristee Kreitmann and Abbe Don",
        TITLE="The Art of Human Computer Interface Design",
        CHAPTER="Guides:  Characterizing the Interface",
        publisher="Addison--Wesley Publishing Company, Inc.",
        VOLUME="",
        MONTH="May",
        YEAR="1990",
        PAGES="367--382"
}
 
@inbook{LAUREL,
        AUTHOR="Brenda Laurel",
        CHAPTER="Interface Agents:  Metaphors with Character",
        TITLE="The Art of Human Computer Interface Design",
        publisher="Addison--Wesley Publishing Company, Inc.",
        VOLUME="",
        MONTH="May",
        YEAR="1990",
        PAGES="355--366"
}
 
 
@inbook{RHEINGOLD,
        AUTHOR="Howard Rheingold",
        CHAPTER="What's the Big Deal about Cyberspace?",
        TITLE="The Art of Human Computer Interface Design",
        publisher="Addison--Wesley Publishing Company, Inc.",
        VOLUME="",
        MONTH="May",
        YEAR="1990",
        PAGES="449--454"
}
 
@inbook{NEGROPONTE,
        AUTHOR="Nicholas Negroponte",
        CHAPTER="Hospital Corners",
        TITLE="The Art of Human Computer Interface Design",
        publisher="Addison--Wesley Publishing Company, Inc.",
        VOLUME="",
        MONTH="May",
        YEAR="1990",
        PAGES="347--354"
}
 
@inbook{NORMAN,
        AUTHOR="Donald A. Norman",
        CHAPTER="Why Interfaces Don't Work",
        TITLE="The Art of Human Computer Interface Design",
        publisher="Addison--Wesley Publishing Company, Inc.",
        VOLUME="",
        MONTH="May",
        YEAR="1990",
        PAGES="191--208"
}
 
@article{JACOBSON,
        AUTHOR="Robert Jacobson",
        TITLE="{Beyond `Hip',`Hype', and `Hope': The Bigger Picture of Virtual
Worlds}",
        JOURNAL="SIGGRAPH '90 Show Daily",
        VOLUME="",
        DAY="9",
        MONTH="August",
        YEAR="1990",
        PAGES="6--8"
}
 
@article{HAYES,
        AUTHOR="Frank Hayes",
        TITLE="{Virtual Reality}",
        JOURNAL="Unix World",
        VOLUME="VII",
        NUMBER="8",
        MONTH="August",
        YEAR="1990",
        PAGES="58--62"
}
 
@article{GROOT,
        AUTHOR="Marc de Groot",
        TITLE="{Virtual Reality}",
        JOURNAL="UNIX Review",
        VOLUME="8",
        NUMBER="8",
        MONTH="August",
        YEAR="1990",
        PAGES="32--36"
}
 
@inbook{FLOCKS,
        AUTHOR="Craig W. Reynolds",
        CHAPTER="Flocks, Herds, and Schools: A Distributed Behavioral Model",
        TITLE="COMPUTER GRAPHICS",
        PUBLISHER="ACM SIGGRAPH",
        ORGANIZATION="",
        VOLUME="21",
        MONTH="July",
        YEAR="1987",
        PAGES="25--34",
        NOTE="SIGGRAPH '87 Conference Proceedings"
}
 
@inbook{WORM,
        AUTHOR="Gavin S. Miller",
        CHAPTER="The Motion Dynamics of Snakes and Worms",
        TITLE="COMPUTER GRAPHICS",
        PUBLISHER="ACM SIGGRAPH",
        ORGANIZATION="",
        VOLUME="22",
        MONTH="August",
        YEAR="1988",
        PAGES="169--173",
        NOTE="SIGGRAPH '88 Conference Proceedings"
}
 
@inbook{GROPE,
        AUTHOR="Frederick P. Brooks and Ming Ouh--Young and James J. Batter and
P. Jerome",
        CHAPTER="Project GROPE--Haptic Displays for Scientific Visualization",
        TITLE="COMPUTER GRAPHICS",
        PUBLISHER="ACM SIGGRAPH",
        ORGANIZATION="",
        VOLUME="24",
        MONTH="August",
        YEAR="1990",
        PAGES="177--185",
        NOTE="SIGGRAPH '90 Conference Proceedings"
}
 
@inbook{IWATA,
        AUTHOR="Hiroo Iwata",
        CHAPTER="Artificial Reality with Force--feedback: Development of
Desktop Virtual Space with Compact Master Manipulator",
        TITLE="COMPUTER GRAPHICS",
        PUBLISHER="ACM PRESS",
        ORGANIZATION="",
        VOLUME="24",
        MONTH="March",
        YEAR="1990",
        PAGES="165--170",
        NOTE="Symposium on Interactive 3D Graphics"
}
 
@inbook{ROACH,
        AUTHOR="Michael McKenna and Steve Pieper and David Zeltzer",
        CHAPTER="Control of a Virtual Actor: The Roach",
        TITLE="COMPUTER GRAPHICS",
        PUBLISHER="ACM PRESS",
        ORGANIZATION="",
        VOLUME="24",
        MONTH="March",
        YEAR="1990",
        PAGES="165--174",
        NOTE="Symposium on Interactive 3D Graphics"
}
 
@inbook{WARE,
        AUTHOR="Colin Ware and Steven Osborne",
        CHAPTER="Exploration and Virtual Camera Control in Virtual Three
Dimensional Environments",
        TITLE="COMPUTER GRAPHICS",
        PUBLISHER="ACM PRESS",
        ORGANIZATION="",
        VOLUME="24",
        MONTH="March",
        YEAR="1990",
        PAGES="175--184",
        NOTE="Symposium on Interactive 3D Graphics"
}
 
@inbook{WENZEL,
        AUTHOR="Elizabeth M. Wenzel and Scott H. Foster",
        CHAPTER="Realtime Digital Synthesis of Virtual Acoustic Environments",
        TITLE="COMPUTER GRAPHICS",
        PUBLISHER="ACM PRESS",
        ORGANIZATION="",
        VOLUME="24",
        MONTH="March",
        YEAR="1990",
        PAGES="139--140",
        NOTE="Symposium on Interactive 3D Graphics"
}
 
@inbook{MINSKY1,
        AUTHOR="Margaret Minsky",
        CHPATER="Virtual Environments and Interactivity: Windows to the Future",
        TITLE="COMPUTER GRAPHICS",
        PUBLISHER="ACM SIGGRAPH",
        VOLUME="23",
        MONTH="December",
        YEAR="1989",
        PAGES="10--11",
        NOTE="SIGGRAPH '89 Panel Proceedings"
}
@inbook{MINSKY2,
        AUTHOR="Margaret Minsky and Ouh--young and Oliver Steele and Frederick
P. Brooks and Max Behensky",
        CHPATER="Feeling and Seeing:  Issues in Force Display",
        TITLE="COMPUTER GRAPHICS",
        PUBLISHER="ACM PRESS",
        VOLUME="24",
        MONTH="March",
        YEAR="1990",
        PAGES="235--244",
        NOTE="Symposium on Interactive 3D Graphics"
}
 
 
@inbook{LANIER,
        AUTHOR="Jaron Lanier",
        CHAPTER="Virtual Environments and Interactivity: Windows to the Future",
        TITLE="COMPUTER GRAPHICS",
        PUBLISHER="ACM SIGGRAPH",
        VOLUME="23",
        MONTH="December",
        YEAR="1989",
        PAGES="7--10",
        NOTE="SIGGRAPH '89 Panel Proceedings"
}
 
@inbook{KRUEGER,
        AUTHOR="Myron W. Krueger",
        CHAPTER="Videoplace and the Interface of the Future",
        TITLE="The Art of Human Computer Interface Design",
        publisher="Addison--Wesley Publishing Company, Inc.",
        VOLUME="",
        MONTH="May",
        YEAR="1990",
        PAGES="417-422"
}
